4708 5912
1055 548 1096 608 45

284 751 467 834 legerentur
494 745 724 814 Ravennatem:
759 745 958 832 πρότερον
986 746 1037 811 ὢν
1067 745 1302 834 ἐλεύθερος,
1331 745 1409 814 hacc
1437 747 1533 814 verba
1558 743 1776 828 Aristophanis
1806 761 1877 811 esse

286 871 359 953 rati,
381 873 489 936 tamen
510 865 567 934 tali
589 865 704 936 auxilio
726 865 837 934 critico
859 867 1079 936 abstinendum
1102 887 1172 936 esse
1193 873 1280 952 puto,
1303 865 1377 951 quia
1398 867 1509 953 μικρὸν
1539 865 1720 953 ἀργυρίδιον
1742 883 1812 934 cum
1835 863 1878 930 sit

289 995 346 1058 »ut
377 1005 508 1075 parvum
536 986 615 1052 mihi
640 1003 748 1067 parem
781 987 965 1067 pecuniam«
1008 987 1120 1054 διὰτὸ
1146 991 1191 1077 μὴ
1229 987 1368 1054 πλουτεῖν
1404 985 1481 1058 ἴσως
1513 988 1611 1056 verba
1638 987 1806 1069 declarant,
1822 1005 1878 1054 cur

287 1111 381 1178 Cario
404 1109 528 1176 omnino
551 1110 679 1176 coactus
701 1107 752 1183 sit,
774 1107 927 1174 servitute
948 1106 1125 1175 voluntaria
1146 1127 1275 1191 parcum
1297 1126 1449 1190 quaerere
1471 1107 1598 1175 victum.

390 1249 418 1295 v.
443 1233 505 1295 ⁵80
527 1247 565 1296 ex
586 1225 709 1293 Bentlei
731 1225 911 1294 coniectura
932 1245 1048 1309 omnes,
1071 1230 1124 1309 qui
1146 1229 1227 1297 hauc
1249 1229 1387 1296 tabulam
1403 1227 1578 1305 ediderunt,
1602 1227 1783 1298 κάκεῖνος
1803 1229 1877 1315 γὰρ

288 1351 355 1415 τὸν
378 1349 549 1414 πλοῦτον
572 1343 655 1435 ἔχει
676 1344 843 1430 Chremylo
873 1348 1144 1430 continuaverunt,
1169 1347 1313 1438 ταύτην
1342 1345 1374 1412 δ’
1403 1351 1493 1437 ἡμῖν
1515 1347 1738 1434 ἀποπέμπει
1759 1347 1880 1428 Blepsi-

287 1467 378 1538 damo
407 1467 596 1564 tribuerunt.
641 1465 731 1533 Unus
760 1467 961 1535 Thierschins
991 1473 1092 1536 totum
1121 1487 1246 1536 versum
1278 1467 1435 1553 Chremyli
1458 1486 1527 1536 esse
1554 1468 1661 1550 voluit
1683 1469 1715 1535 in
1737 1467 1878 1551 proximo

288 1594 393 1657 autem
424 1603 518 1655 versu
541 1587 655 1676 φήσεις
676 1587 708 1653 in
730 1586 871 1655 oratione
893 1588 1039 1656 universa
1067 1608 1125 1672 pro
1149 1591 1292 1678 φήσομεν
1321 1590 1439 1657 dictum
1467 1609 1536 1657 osse
1557 1590 1617 1658 hoc
1638 1605 1749 1656 seusu:
1775 1585 1879 1671 »Ergo

287 1709 433 1778 contendi
455 1712 569 1792 potest,
591 1708 697 1774 Iovem
719 1727 781 1774 non
803 1709 884 1776 bene
912 1708 1100 1785 discernere,
1130 1709 1207 1793 quid
1235 1709 1386 1792 optimum
1419 1709 1470 1775 sit.
1515 1711 1595 1776 Nam
1617 1707 1670 1775 ille
1690 1707 1788 1776 habet
1807 1709 1881 1776 Plu-

286 1834 353 1898 tum
376 1835 409 1896 et
430 1829 546 1896 hancce
569 1829 659 1895 nobis
682 1828 810 1894 mittit«.
855 1827 915 1895 Cui
945 1828 1196 1912 interpretationi
1223 1847 1281 1912 ego
1311 1848 1372 1896 non
1401 1829 1582 1907 subscribo,
1604 1831 1679 1911 quia
1700 1829 1733 1896 in
1755 1828 1879 1913 dialogo

288 1950 387 2019 atera
408 1967 544 2034 persone
566 1949 751 2032 simpliciter
773 1967 835 2016 non
860 1954 966 2032 potest
987 1948 1098 2017 referri
1120 1951 1181 2018 nisi
1197 1950 1239 2018 ad
1262 1971 1343 2028 eum,
1363 1970 1434 2019 cum
1450 1969 1512 2035 quo
1535 1951 1650 2032 aliquis
1671 1951 1878 2032 conloquitur.

292 2074 355 2142 Sed
378 2072 441 2140 alia
461 2071 678 2156 interpretatio
700 2077 827 2156 praesto
851 2077 915 2138 est:
939 2077 1065 2154 poterat
1087 2073 1171 2140 euim
1202 2069 1387 2156 Chremylus
1409 2077 1575 2156 postquam
1598 2071 1734 2156 priorem
1754 2089 1880 2137 versum

293 2195 333 2261 ad
364 2198 580 2276 paupertatem
611 2193 690 2258 dixit
718 2193 758 2259 ad
786 2193 906 2259 socium
936 2209 1028 2259 sunm
1055 2192 1105 2258 vel
1133 2193 1391 2275 adspectatores
1420 2209 1589 2260 conversus
1610 2192 1643 2258 in
1665 2191 1765 2259 altero
1786 2210 1880 2259 versu

293 2315 332 2383 de
355 2315 463 2382 eudem
490 2332 658 2398 pronomen
678 2305 966 2392 ‘demonstrativum
996 2331 1167 2397 usurpare,
1195 2319 1233 2380 ut
1258 2332 1355 2395 snpra
1377 2333 1425 2381 vv.
1449 2318 1521 2380 896.
1545 2319 1563 2378 ‘l
1592 2313 1699 2398 priora
1720 2315 1818 2382 verba
1839 2313 1880 2379 ad

292 2433 529 2520 sycophantam,
552 2435 730 2520 posteriora
750 2434 792 2501 ad
815 2435 974 2501 theatrum
996 2452 1166 2502 conversus
1190 2434 1282 2501 Cario
1312 2433 1431 2501 dixisse
1452 2435 1543 2503 uobis
1564 2435 1652 2502 visus
1674 2439 1731 2500 est.
1776 2434 1881 2516 Atque

286 2557 318 2623 id
344 2555 381 2623 fit
409 2562 441 2623 et
463 2556 496 2622 in
519 2554 682 2638 tragoedia
705 2555 792 2622 etin
813 2555 983 2634 comoedia,
1009 2560 1046 2623 ut
1067 2556 1313 2623 demonstrativo
1336 2557 1520 2640 pronomine
1541 2557 1569 2623 is
1583 2553 1788 2640 significetur,
1805 2571 1881 2638 quo-

278 2695 350 2745 cum
377 2678 433 2762 qui
462 2676 540 2744 dicit
567 2676 783 2758 conloquitur,
817 2675 906 2757 isque
935 2679 971 2742 ut
999 2673 1176 2759 adpellatus
1209 2678 1407 2760 respondeat.
1452 2678 1520 2743 Iam
1541 2678 1574 2744 in
1596 2695 1729 2745 censura
1749 2676 1880 2745 Heldcr·

279 2800 388 2866 manni
402 2787 403 2792 ’
417 2797 648 2866 dissertationis
677 2815 774 2880 supra
802 2802 1045 2864 commemorata
1073 2799 1105 2864 in
1133 2797 1327 2866 Fleckeiseni
1356 2797 1521 2865 annalibus
1554 2797 1635 2864 1867
1663 2818 1694 2883 p.
1719 2802 1781 2864 403
1810 2799 1879 2865 eius

281 2920 366 2986 modi
394 2920 479 2988 locos
507 2919 650 3003 congessi
676 2919 749 2986 hos:
788 2919 882 3001 Vesp.
909 2923 969 2984 168
997 2918 1085 2983 ΒΔΕ.
1122 2917 1294 3006 ἅνθρωπος
1321 2917 1414 2990 οὗτος
1439 2919 1522 3004 μέγα
1550 2942 1576 2983 τι
1604 2917 1745 3006 δρασείει
1777 2916 1868 2982 κακόν

288 3036 364 3102 old.
385 3039 429 3123 μὰ
451 3041 502 3105 τὸν
524 3039 570 3104 Δί’
593 3039 629 3103 οδ
653 3035 720 3128 δῆτ’
745 3035 812 3103 ἀλλ’
836 3035 1013 3102 ἀποδόσθαι
1032 3037 1189 3124 βούλομαι
1211 3040 1271 3104 κτλ.
1294 3039 1378 3107 Eccl.
1402 3044 1568 3124 postquam
1590 3059 1618 3105 v.
1636 3043 1698 3106 809
1722 3038 1872 3106 Chremes
1898 3017 1899 3020 λ

289 3157 509 3242 interrogavit:
530 3160 722 3249 Καλλίμαχος
743 3155 776 3223 δ’
807 3159 1112 3248 ὁγοροδιδάσκαλος
1138 3159 1273 3224 αὐτοῖσιν
1302 3160 1428 3226 εἰσοίσει
1456 3183 1499 3244 ua·
1533 3179 1616 3227 unus
1637 3161 1686 3228 vir
1706 3157 1876 3242 respondet

291 3277 388 3342 πλείω
411 3277 549 3345 Καλλίου.
590 3281 711 3348 Deinde
734 3281 900 3348 Chremes:
923 3277 1095 3368 ἅνθρωπος
1115 3279 1208 3354 οὗτος
1230 3282 1388 3366 ἀποβαλεῖ
1406 3283 1460 3372 τὴν
1483 3281 1599 3364 οὐσίαν,
1622 3281 1744 3349 sevir:
1773 3279 1874 3345 δεινδν

285 3398 395 3483 λέγεις.
441 3401 533 3485 Soph.
557 3402 592 3469 0.
615 3403 650 3469 Τ.
696 3406 779 3469 1160
801 3418 864 3485 sq:
1024 3463 1044 3502 a

296 3533 299 3546 '
645 3521 714 3587 ΟΙΔ.
738 3523 817 3611 ἀνὴρ
840 3517 891 3585 dc'
915 3523 961 3593 ὡς
982 3519 1080 3586 ἔοικεν
1102 3521 1134 3594 ἐς
1158 3522 1272 3609 τριβὰς
1292 3522 1359 3613 ἐλᾷ.

644 3643 729 3707 θΕΡ.
753 3641 789 3706 οὐ
813 3638 880 3732 δῆτ’
905 3638 1016 3727 ἔγωγ’·
1039 3639 1107 3706 ἀλλ’
1131 3641 1226 3725 ελπτον,
1250 3645 1297 3716 ὡς
1317 3644 1415 3733 δοίην,
1439 3647 1540 3710 πάλαι.

285 3760 398 3845 Itaque
431 3763 588 3832 immerito
622 3763 826 3848 Kappeynius
858 3783 907 3830 vv.
933 3769 1003 3830 505.
1040 3768 1059 3829 6
1093 3763 1232 3829 οὐκοῦν
1267 3763 1368 3829 είναί
1400 3767 1514 3856 φημ’,
1548 3766 1582 3829 εί
1613 3764 1758 3830 παύσαι
1792 3764 1879 3829 ταύ·

287 3905 353 3970 την
378 3883 534 3969 βλέψας
561 3881 650 3947 ποθ’
673 3885 690 3946 δ
713 3883 905 3960 Πλοῦτος,
935 3884 1029 3948 ὁδὸν
1056 3886 1101 3974 ἦν
1128 3883 1196 3949 τιν’
1224 3885 1293 3949 λων
1320 3889 1402 3958 τοῖς
1430 3885 1662 3974 ἀνθρώποις
1689 3883 1807 3968 ἀγάθ’
1837 3883 1881 3948 ἀν

286 4002 413 4088 μείζω
438 4003 644 4090 πορίσειεν
660 4003 836 4090 Chremylo,
859 4023 951 4089 quem
974 4023 1032 4088 par
1054 4010 1103 4072 est
1125 4005 1260 4073 orationi
1282 4025 1359 4073 suae
1381 4011 1477 4090 utque
1499 4006 1765 4091 argumentationi
1779 4007 1881 4090 ipsum

293 4123 522 4192 conclusionem
546 4125 671 4203 addere,
694 4126 857 4212 ademptos
879 4126 1078 4210 Blapsidemo
1100 4128 1219 4195 tribuit.
1255 4127 1375 4195 Eadem
1398 4146 1473 4194 vero
1497 4127 1536 4194 dc
1558 4145 1654 4196 causa
1676 4146 1704 4195 v.
1727 4131 1789 4194 580
1812 4124 1880 4191 πού-

293 4265 347 4332 την
370 4243 404 4307 δ’
427 4246 498 4333 ἡμῖν
521 4245 697 4332 ἀποπέμπει
719 4248 815 4316 verba
831 4247 997 4331 Chremylo
1020 4248 1197 4316 continuari
1218 4265 1312 4332 posse
1333 4251 1426 4331 puto;
1449 4266 1522 4314 nam
1538 4267 1576 4316 ea
1590 4266 1625 4315 ra
1640 4265 1703 4314 non
1718 4246 1881 4332 impedior,

38 4365 39 4368 ’
176 4401 178 4406 -
294 4365 379 4450 quod
401 4365 577 4449 Paupertas
599 4368 706 4435 statim
729 4371 837 4437 ambos
860 4375 892 4436 et
915 4368 1114 4453 Chremylum
1137 4373 1168 4436 et
1190 4369 1423 4452 Blepsidemum
1445 4368 1642 4452 adloquitur:

540 4487 611 4552 ἀλλ’
634 4485 661 4552 ὦ
683 4490 847 4576 Κρονικαῖς
867 4491 978 4580 λήμαις
1000 4487 1100 4560 ὄντως
1121 4487 1283 4577 λημῶντες
1305 4489 1360 4560 τὰς
1382 4487 1505 4575 φρένας
1525 4488 1633 4575 ἀμρω,

288 4607 364 4691 quia
384 4627 441 4691 per
463 4608 523 4676 hoc
546 4616 647 4677 totum
670 4616 837 4688 certamen,
860 4612 944 4694 quod
967 4617 1016 4680 est
1037 4611 1120 4679 inter
1143 4611 1342 4695 Chremylum
1364 4618 1397 4679 et
1417 4613 1649 4696 Paupertatem,
1675 4611 1734 4679 etsi
1758 4609 1881 4692 Blepsi-

290 4728 399 4795 demus
428 4730 543 4797 tacitus
571 4730 687 4812 adstat,
710 4752 807 4799 unum
829 4750 956 4800 versum
977 4737 1039 4799 499
1063 4731 1173 4796 οὐδέν·
1195 4730 1258 4816 ἐγώ
1282 4755 1331 4796 σοι
1354 4731 1463 4797 τούτου
1484 4733 1622 4820 μάμτνς·
1641 4731 1741 4820 μηδὲν
1769 4731 1881 4820 ταύτην

290 4847 321 4930 γ’
342 4848 489 4937 ἀνερώτα
510 4851 729 4934 interponens,
758 4859 864 4920 tamen
885 4854 1061 4937 Paupertas
1083 4854 1198 4920 iterum
1220 4858 1316 4937 atque
1337 4855 1452 4921 iterum
1475 4858 1643 4936 utrumque
1666 4852 1881 4921 adversarium

291 4967 481 5056 adloquitur,
512 4989 540 5036 v.
575 4976 635 5038 507
667 4973 736 5038 ἀλλ’
768 4973 795 5042 ὦ
825 4977 949 5040 πάντων
980 4974 1080 5066 ῥᾷστ’
1108 4973 1288 5063 ἀνθρώπιον
1317 4973 1536 5041 ἀναπεισθέντ’
1564 4974 1620 5065 οὐχ
1649 4973 1790 5057 ὑγιαίνειν
1823 4973 1880 5040 δύο
