4708 5912
1064 615 1104 680 1³

290 825 329 886 ut
351 819 475 886 Thesm.
500 823 571 898 750,
595 825 705 901 aperta
726 818 914 886 necessitate
937 823 1079 886 coactum
1102 839 1122 885 a
1143 818 1234 886 solito
1257 818 1366 884 ordine
1389 817 1570 883 discessisse
1590 835 1680 900 nego.
1716 816 1779 884 Sed
1794 834 1880 886 acce·

290 940 347 1022 dit,
370 940 454 1022 quod
476 956 539 1005 non
560 938 717 1022 intellego,
740 941 794 1021 qui
815 940 856 1007 de
876 941 991 1024 plurali
1014 942 1051 1004 τὰ
1070 939 1202 1026 μέτωπα
1217 939 1394 1006 Meinelrius
1418 937 1559 1006 conferre
1575 939 1715 1022 potuerit
1729 938 1802 1022 Lys.
1816 943 1879 1005 810

289 1067 322 1128 et
336 1062 417 1144 Equ.
435 1064 506 1126 643.
551 1059 659 1126 Altero
681 1060 749 1128 loco
772 1067 880 1145 aperte
901 1062 934 1126 in
956 1061 1096 1127 numeris
1118 1065 1256 1128 erratum
1280 1065 1329 1126 est
1350 1075 1387 1124 ac
1410 1057 1624 1124 coniciendum
1647 1058 1802 1140 cogitasse
1823 1058 1878 1125 bo-

294 1185 408 1250 minem
432 1181 644 1272 doctissimum
666 1181 706 1248 de
728 1183 808 1266 Equ.
834 1187 892 1249 631
919 1179 1059 1268 κᾶβλεψε
1088 1185 1166 1246 νᾶπυ
1195 1181 1243 1245 καὶ
1271 1179 1307 1245 τὰ
1332 1174 1457 1265 μέτωπ’
1484 1175 1660 1242 ἀνέσπασεν
1688 1179 1738 1246 vel
1761 1183 1822 1245 646
1852 1179 1881 1243 ol

293 1301 324 1370 δ’
348 1299 471 1373 εὐθέως
492 1302 530 1366 τὰ
553 1301 707 1388 πρόσωπα
729 1303 956 1392 disputabuntur,
979 1321 1041 1386 quo
1063 1307 1200 1383 utroque
1222 1301 1290 1367 loco
1313 1300 1352 1366 de
1372 1299 1511 1366 omnium
1527 1303 1708 1366 senatorum
1724 1296 1879 1366 frontibus

290 1426 341 1492 vel
363 1425 470 1492 oribus
492 1429 656 1506 narratur,
685 1424 731 1491 ita
752 1429 790 1490 ιιι
816 1424 947 1508 pluralis
976 1441 1125 1490 numerus
1152 1441 1252 1504 paene
1280 1419 1478 1488 necessarius
1506 1419 1557 1486 sit.
1608 1418 1717 1486 Priore
1745 1419 1813 1484 loco
1842 1419 1880 1483 τοι

293 1545 448 1634 πρόσωπα
462 1545 643 1641 Hermanno
667 1546 809 1626 debetur,
831 1544 953 1612 codices
978 1544 1126 1610 exhibent
1147 1545 1181 1606 τὸ
1205 1542 1383 1629 πρόσωπον.
1430 1539 1492 1608 Sed
1516 1539 1565 1606 lac
1586 1540 1670 1606 hunc
1690 1539 1793 1606 locum
1806 1557 1880 1606 vere

291 1665 491 1735 emendatum
513 1683 598 1747 esse,
629 1683 669 1731 ne
690 1666 718 1732 is
741 1664 867 1748 quidern
890 1662 1061 1746 quidquam
1089 1662 1213 1744 probat.
1264 1662 1337 1728 Oris
1366 1661 1508 1743 singulae
1535 1667 1645 1744 partes
1673 1666 1758 1728 recte
1786 1661 1881 1745 signi·

293 1788 429 1858 ficentur
449 1785 563 1870 plurali
585 1803 716 1854 numero
740 1783 894 1869 πρόσωπα
917 1782 1058 1848 vocabuli
1081 1801 1118 1848 ac
1141 1781 1243 1848 solent
1263 1785 1377 1864 poetae
1399 1783 1553 1862 pluralem
1573 1782 1606 1847 in
1628 1780 1688 1848 hac
1701 1799 1777 1850 voce
1791 1799 1880 1864 prae

296 1910 377 1976 terre
395 1905 561 1990 singular13
584 1911 618 1973 at
638 1905 725 1972 frons
745 1923 808 1970 una
831 1910 880 1971 est
901 1909 996 1988 atque
1019 1921 1129 1984 expers
1151 1903 1298 1987 partium,
1322 1903 1429 1983 itaque
1451 1903 1485 1966 τὸ
1498 1901 1655 1988 μέτωπον,
1678 1903 1705 1969 si
1721 1902 1760 1969 de
1775 1903 1880 1988 singu·

290 2031 330 2096 lis
352 2028 530 2096 hominibus
552 2028 677 2105 dicitur,
699 2025 852 2111 pluralem
875 2043 1024 2108 respuere
1045 2025 1179 2092 videtur.
1226 2025 1312 2104 Quae
1335 2025 1439 2090 omnia
1461 2024 1595 2090 comita
1615 2023 1688 2104 sint,
1710 2023 1769 2090 boc
1783 2042 1880 2091 unum

292 2149 464 2232 dactylicae
485 2149 570 2216 vocis
591 2148 624 2212 in
648 2147 750 2214 thesin
773 2147 918 2228 quintam
941 2146 1075 2212 trimetri
1097 2145 1222 2212 iambici
1244 2145 1387 2214 excuntis
1410 2145 1586 2228 exemplum
1600 2144 1796 2212 tolerandum
1812 2161 1881 2211 esse

295 2289 332 2336 ac
354 2265 524 2353 propterea
546 2268 673 2335 tolerari
696 2285 789 2350 posse
810 2267 886 2332 mihi
908 2266 1048 2348 videtur,
1077 2266 1160 2350 quod
1182 2267 1311 2334 ultimae
1333 2285 1425 2334 voces
1446 2267 1621 2334 arctissime
1643 2266 1726 2333 inter
1748 2283 1783 2332 se
1810 2285 1881 2334 corr-

291 2390 418 2456 iunctae
441 2405 504 2455 uno
526 2393 634 2454 tenore
655 2386 905 2471 pronuntiandae
927 2391 1010 2454 sunt.
1049 2385 1110 2454 Sed
1126 2393 1163 2453 nt
1182 2387 1223 2453 ad
1245 2406 1273 2454 v.
1294 2392 1374 2454 1033
1397 2406 1467 2455 sero
1489 2388 1665 2468 redeamus,
1688 2405 1747 2470 ego
1763 2387 1881 2467 dubito,

290 2528 369 2576 num
392 2531 430 2574 οε
453 2527 491 2578 ex
512 2509 694 2576 Ravennate
717 2508 790 2576 addi
812 2525 891 2590 opus
913 2509 963 2574 sit.
1009 2506 1194 2590 Gbrcrnylus
1216 2508 1299 2574 enim
1321 2509 1417 2576 verba
1440 2527 1498 2576 sua
1524 2508 1699 2576 arctissime
1724 2507 1883 2591 adplicare

291 2631 372 2699 solet
393 2629 434 2696 ad
457 2647 508 2710 ea,
537 2647 618 2712 quae
640 2646 720 2694 anus
741 2629 820 2694 dicit
848 2627 885 2694 ct.
912 2633 1003 2694 1008.
1030 2632 1120 2694 1009.
1148 2633 1239 2694 1017.
1265 2633 1355 2695 1019.
1381 2633 1478 2708 1021,
1505 2628 1589 2714 quod
1610 2629 1706 2696 etiam
1727 2628 1787 2694 boc
1814 2629 1882 2694 loco

288 2752 377 2835 lacit,
400 2751 428 2818 si
451 2770 489 2818 ex
510 2750 653 2834 proximo
675 2767 769 2817 versu
792 2745 859 2813 ἀλλ’
883 2747 1034 2813 οὐδέποτέ
1053 2771 1096 2834 με
1119 2749 1224 2824 ζῶοον
1245 2749 1423 2836 ἀπολείψειν
1445 2747 1507 2840 ἔφη
1530 2768 1701 2834 pronomen
1718 2749 1882 2834 cogitando

293 2872 501 2957 supplendum
523 2871 680 2952 relinquit.

391 2993 459 3058 Iam
482 3011 519 3058 ex
542 2991 650 3059 ordine
673 3008 821 3060 versuum
843 2991 952 3075 optimi
974 2991 1047 3059 libri
1069 2992 1219 3060 lectiones
1239 2996 1392 3075 quosdam
1407 2996 1439 3062 in
1456 3014 1585 3064 censum
1602 2995 1792 3076 vocabimus,
1815 2995 1884 3079 qui-

294 3113 354 3179 bus
375 3113 517 3180 homines
539 3113 624 3180 docti
645 3114 691 3179 ita
713 3115 764 3180 usi
785 3119 874 3191 sunt,
903 3118 940 3179 ut
962 3131 1015 3180 eas
1037 3114 1198 3182 codicibus
1221 3117 1366 3184 omnibus
1389 3135 1428 3183 ne
1454 3117 1523 3199 ipso
1552 3117 1679 3200 quidem
1700 3118 1884 3185 Rauennate

294 3237 424 3316 excepto
445 3233 551 3301 invitis
573 3235 759 3318 acciperent.
805 3235 842 3301 ld
865 3236 949 3319 quod
971 3235 1090 3302 iactum
1112 3241 1161 3302 est
1182 3256 1211 3302 v.
1236 3241 1292 3303 22:

591 3356 637 3440 μὰ
658 3352 707 3420 Δι’
732 3352 797 3420 ἀλλ’
822 3356 949 3444 ἀφελὼν
973 3357 1025 3422 τὸν
1048 3355 1218 3444 στέφανον,
1241 3357 1278 3447 ἣν
1299 3359 1401 3448 λυπῇς
1422 3357 1451 3423 τί
1465 3381 1508 3446 ρε
1530 3360 1591 3424 κτλ.

292 3463 348 3540 Ιλιι
372 3474 455 3542 hunc
477 3492 600 3542 versum
623 3477 826 3561 Kappeynius
848 3498 910 3545 van
931 3479 970 3546 de
992 3478 1141 3562 Coppello
1163 3479 1340 3548 adnotavit:
1368 3479 1518 3568 »ἀφελὼν
1542 3483 1593 3546 τὸν
1616 3459 1790 3569 στέφανον.Ι
1825 3481 1884 3548 Μι-

293 3612 350 3662 ror
365 3593 536 3678 Bergkium
558 3615 616 3678 per
638 3603 703 3662 tres
726 3615 801 3664 suas
823 3597 975 3666 editiones
997 3599 1161 3668 lectionem
1183 3601 1328 3668 vitiosam
1350 3603 1506 3688 ἀφελών
1528 3625 1572 3687 γε
1594 3601 1790 3690 στέφανον
1813 3621 1883 3670 con·

296 3716 467 3783 sinuessae
513 3717 576 3784 Res
598 3716 676 3783 haec
699 3723 756 3786 est.
802 3719 838 3786 ln
860 3721 1006 3788 omnibus
1029 3722 1189 3790 codicibus
1204 3723 1337 3806 legitur:
1358 3724 1405 3808 ρὰ
1426 3720 1478 3788 Δι’
1503 3721 1569 3789 ἀλλ’
1593 3723 1721 3812 ἀφελὼν
1743 3725 1795 3789 τὸν
1817 3723 1884 3788 οτέ-

293 3857 409 3921 φανυν,
436 3835 469 3902 in
493 3849 555 3902 uno
577 3836 759 3904 Ravennatis
778 3841 825 3924 ρὰ
847 3841 883 3903 Δι’
890 3837 897 3862 ’
922 3837 988 3904 ἀλλ’
1013 3841 1142 3928 ἀφελών
1164 3865 1200 3926 γε
1223 3845 1275 3908 τὸν
1303 3843 1469 3932 στέφανον.
1514 3845 1648 3914 Videtur
1677 3844 1775 3928 igitur
1807 3847 1882 3912 arti·

293 3956 383 4024 culus
406 3956 485 4024 satis
508 3956 685 4024 confirmari
709 3959 846 4027 omniurn
869 3961 1010 4030 codicum
1034 3981 1205 4045 consensu,
1232 3987 1269 4048 γε
1292 3966 1384 4033 unius
1407 3971 1529 4032 tantum
1558 3967 1700 4051 quamvis
1728 3965 1820 4047 boni,
1850 3971 1884 4032 at

299 4094 392 4161 saepe
414 4077 516 4145 vitiosi
539 4080 728 4148 auctoritate
751 4099 863 4165 parum
886 4082 1019 4150 delendi.
1072 4084 1135 4152 Sed
1157 4085 1190 4151 id
1211 4105 1284 4180 uon,
1302 4092 1386 4170 erat,
1415 4087 1500 4168 quod
1521 4087 1658 4170 Bergkio
1686 4087 1719 4153 in
1746 4092 1884 4156 mentem

298 4198 399 4279 venit,
429 4199 485 4266 sed
507 4205 725 4282 experrectum
748 4209 797 4269 est
817 4203 950 4269 bominis
980 4207 1175 4289 sagacissimi
1205 4209 1392 4276 emendandi
1414 4207 1569 4290 studium,
1599 4227 1721 4293 expuo
1744 4213 1814 4276 orta
1835 4213 1885 4276 est

298 4315 402 4384 infelix
423 4319 478 4386 illa
499 4319 695 4404 coniectura,
726 4340 806 4404 quae
828 4325 897 4392 iure
927 4326 1041 4394 mirum
1070 4328 1181 4397 babuit
1202 4329 1430 4414 Kappeyninrn.
1483 4329 1565 4396 Nam
1592 4347 1655 4397 nou
1682 4328 1785 4396 solum
1812 4349 1883 4398 cum

300 4455 370 4504 eam
392 4455 536 4508 coronam
559 4441 743 4526 Chremylus
765 4445 948 4513 sublaturus
971 4447 1022 4530 sit,
1045 4467 1139 4533 quarn
1161 4469 1195 4517 se
1217 4451 1334 4519 habere
1350 4450 1442 4518 (lario
1464 4451 1557 4518 modo
1581 4451 1710 4534 dixerat,
1733 4451 1883 4519 articulus

303 4558 460 4645 στέφανον
481 4563 632 4630 vocabulo
653 4581 716 4630 non
739 4565 834 4632 debet
854 4567 965 4650 adimi,
994 4570 1051 4637 sed
1078 4571 1172 4638 etiam
1200 4595 1237 4654 γε
1265 4577 1339 4656 post
1363 4571 1409 4658 ρὰ
1430 4569 1474 4636 dd
1504 4569 1572 4636 ἀλλ’
1600 4590 1712 4656 parum
1741 4573 1885 4640 convenit

296 4680 515 4764 Aristophanis
538 4683 659 4751 dicendi
682 4685 764 4765 usui,
787 4687 841 4768 qui
856 4693 928 4770 post
950 4689 990 4752 od
1011 4690 1061 4776 ρὰ
1075 4687 1124 4754 Δί’
1150 4687 1226 4756 ἀλλ’
1250 4692 1299 4760 vel
1312 4692 1362 4777 μοι
1384 4691 1437 4755 Δι’
1453 4687 1532 4756 ἀλλ’
1547 4693 1664 4758 raroin
1678 4692 1770 4774 pleno
1785 4709 1881 4759 enun-

300 4802 381 4870 tiato
405 4825 446 4887 γε
468 4805 653 4887 particulam
676 4808 818 4876 conlocat
839 4815 876 4876 ut
897 4809 969 4876 Pac.
995 4815 1086 4878 1046.
1112 4818 1130 4878 7
1160 4813 1201 4876 οὐ
1221 4812 1274 4898 ρὰ
1295 4809 1345 4877 Δι’
1369 4809 1442 4877 ἀλλ’
1461 4808 1632 4902 Ἱεροκλέης
1653 4809 1741 4884 οὗτος
1767 4812 1803 4895 γε’
1825 4811 1882 4878 πού

296 4919 359 4990 ’σθ’
384 4925 401 4989 ὁ
418 4925 640 5015 χρησμολόγος
661 4915 720 5004 οὑξ
736 4925 845 5016 Ὠρεοῦ
867 4936 900 4998 et
916 4930 1009 5015 Vesp.
1034 4937 1096 4999 680
1115 4934 1166 5018 μὰ
1187 4933 1240 4997 Δί’
1264 4933 1355 4998 ἀλλὰ
1377 4929 1454 5021 παρ’
1473 4932 1648 5024 Εὐχαρίδου
1672 4931 1784 5005 καύτὸς
1798 4937 1883 5021 τρεῖς

294 5042 326 5127 γ’
349 5043 481 5129 ἀγλῖλος
499 5045 703 5134 μετέπεμψα,
733 5052 787 5118 ubi
809 5069 882 5118 vero
905 5051 960 5133 qui
983 5053 1152 5134 respondet
1181 5060 1307 5122 servata
1336 5055 1403 5122 eius
1431 5055 1587 5124 enuntiati
1616 5059 1790 5137 structura,
1820 5075 1882 5140 quo
