4688 5930
1246 534 1288 597 40

1163 619 1372 630 -ι--Ι

472 755 557 818 esse,
588 736 645 803 sed
672 737 753 804 haue
781 734 898 802 iactum
927 739 1020 817 puto,
1050 735 1135 818 quod
1171 736 1329 820 Bergkius
1356 733 1532 802 Meinekius
1565 729 1751 800 nindorfin's
1788 733 1986 818 Kappeynins
2015 733 2061 801 sic

474 857 643 948 voluerunt
665 875 752 922 erum
775 873 846 922 cum
868 873 958 922 servo
981 855 1141 939 conloqui,
1170 862 1207 923 nt
1227 861 1362 941 uterque
1383 855 1488 924 555515
1516 857 1641 935 utatur,
1669 873 1754 938 quae
1776 855 1836 938 ipsi
1866 856 2059 923 conveniant.

473 995 502 1043 v.
526 981 566 1042 99
589 981 695 1042 autem
717 976 778 1038 καλ
801 973 933 1060 θαῦμά
954 975 986 1058 γ’
1009 974 1140 1040 οὐδέν
1167 975 1252 1040 οὐδ’
1276 975 1353 1060 ἐγὼ
1376 975 1448 1062 γὰρ
1470 975 1488 1036 d
1509 973 1668 1059 βλέπων
1690 974 1826 1044 rorasse
1848 973 1975 1044 dudoni
1993 964 2061 1052 rite·

473 1096 535 1163 lius
558 1114 652 1178 qnam
669 1095 834 1180 Chremylo
856 1095 954 1162 tribm
975 1096 1077 1164 obiter
1097 1097 1204 1164 monui
1225 1097 1295 1164 Lib.
1311 1097 1396 1166 misc.
1419 1117 1450 1179 p.
1468 1100 1517 1162 61.
1562 1095 1655 1165 Illum
1678 1097 1761 1163 enim
1783 1096 1842 1164 hoc
1863 1097 1964 1180 magis
1987 1113 2059 1163 con-

475 1222 615 1290 temnere
636 1216 796 1287 hcminum
818 1235 928 1298 genus,
950 1217 1043 1299 quale
1065 1222 1141 1285 tuuc
1163 1223 1248 1300 erat,
1270 1237 1308 1284 ex
1330 1237 1358 1282 v.
1385 1223 1444 1283 153
1467 1235 1514 1300 sq.
1537 1217 1685 1284 discimus
1708 1221 1741 1283 et
1762 1217 1888 1282 omnino
1907 1217 1948 1283 ad
1970 1231 2061 1282 omne

472 1336 533 1404 ioci
553 1353 654 1418 genus
675 1337 943 1420 promptissimum
965 1355 1035 1434 esse
1063 1338 1194 1418 scimus,
1224 1357 1294 1405 curn
1317 1336 1518 1420 dhremylus,
1547 1337 1602 1419 qui
1624 1355 1652 1402 v.
1677 1341 1718 1402 at
1741 1354 1779 1402 er
1800 1336 1896 1404 Pluto
1923 1337 2058 1418 quaerit,

467 1474 547 1526 ‚num
573 1457 636 1520 iurn
658 1456 699 1522 ad
719 1458 835 1540 probos
856 1457 998 1524 homines
1020 1459 1211 1542 migraturus
1240 1458 1298 1534 sit,
1320 1457 1375 1541 qui
1397 1476 1425 1523 v.
1449 1461 1511 1522 818
1534 1472 1580 1537 sq.
1603 1455 1664 1523 sihi
1685 1456 1786 1522 socios
1808 1456 1962 1523 extiturns
1990 1473 2060 1524 esse

474 1576 566 1655 dicit,
596 1576 775 1659 quicunque
796 1576 887 1661 probi
914 1578 1048 1660 penuria
1076 1577 1219 1658 oppressi
1246 1576 1379 1658 inerint,
1409 1576 1464 1660 qni
1490 1573 1563 1643 inde
1592 1593 1612 1641 a
1638 1594 1667 1641 v.
1691 1580 1754 1642 489
1782 1595 1846 1643 555
1875 1581 1941 1644 tem
1970 1593 2060 1642 snam

475 1713 571 1777 quarn
594 1696 733 1762 omnium
754 1697 907 1763 honorum
928 1696 1089 1764 homiuum
1112 1713 1239 1764 causam
1262 1697 1347 1778 dicit,
1371 1697 1396 1762 si
1420 1697 1480 1764 sibi
1501 1701 1645 1764 constare
1667 1695 1760 1779 volet,
1785 1715 1848 1762 non
1863 1696 1988 1778 poterit
2007 1715 2061 1764 ne·

476 1835 555 1899 gare
577 1836 612 1884 se
633 1836 671 1886 ex
693 1818 786 1899 longo
809 1822 949 1899 ternpore
972 1834 1160 1900 quemquam
1182 1818 1300 1885 iustum
1322 1817 1446 1884 vidisse.

579 1936 696 2004 Similis
718 1935 884 2005 difficultas
906 1938 939 2004 in
962 1955 999 2003 ea
1021 1936 1147 2006 fabulae
1168 1942 1259 2019 parte
1281 1943 1344 2021 est,
1367 1938 1403 2014 ,iu
1425 1956 1489 2021 qua
1511 1937 1677 2020 Chremylo
1705 1941 1738 2004 ct
1759 1935 1960 2021 Blepsidemo
1981 1937 2063 2004 Pau·

473 2063 581 2141 pertus
603 2058 796 2125 adversatur.
841 2058 935 2141 Apud
956 2058 1228 2126 Hemsterhusium
1250 2058 1324 2126 inde
1351 2077 1371 2124 a
1399 2076 1427 2124 v.
1451 2061 1513 2123 416
1536 2056 1735 2141 Blepsidemo
1764 2062 1890 2125 taceme
1917 2059 2000 2125 inter
2028 2073 2063 2125 se

475 2177 705 2258 conloquuntur
728 2177 913 2260 Chremylus
933 2181 965 2244 et
985 2178 1161 2261 Paupertas
1183 2196 1284 2262 usqne
1306 2177 1347 2244 ad
1368 2196 1398 2243 v.
1423 2181 1500 2260 483,
1522 2177 1577 2246 nbi
1600 2177 1835 2259 Blepsidemus:
1862 2179 1987 2250 ἱκανοὺς
2015 2201 2061 2242 νο-

473 2296 573 2382 μίζεις
592 2297 672 2386 δῆτα
694 2295 853 2368 θανάτους
874 2295 999 2374 εἴκοσιν;
1022 2296 1289 2388 551011555151552
1314 2297 1408 2385 ταύτῃ
1432 2319 1481 2380 γε·
1502 2305 1567 2383 νῷν
1590 2295 1626 2362 δὲ
1641 2296 1694 2362 δύ’
1710 2297 1943 2388 ἀποχρὴσννσιν
1955 2298 2063 2385 μόνως

476 2417 562 2502 apud
590 2417 806 2485 Thierschinm
836 2417 970 2501 primum
999 2418 1217 2501 Blepsidemus
1247 2437 1318 2486 curn
1346 2419 1539 2502 Paupertate
1568 2419 1782 2503 conloquitur,
1813 2439 1841 2486 v.
1865 2421 1929 2486 480
1955 2423 2061 2485 antem

477 2537 661 2621 Chremylus
682 2537 872 2620 interrogat:
896 2537 924 2600 τί
944 2537 1026 2626 δῆτά
1046 2561 1095 2602 σοι
1117 2540 1189 2615 κτλ,
1212 2559 1241 2606 v.
1264 2546 1323 2607 481
1348 2541 1432 2608 idem
1454 2540 1624 2623 respondet
1646 2541 1749 2612 καλῶς
1769 2540 1869 2624 λέγεις
1888 2538 2062 2618 551415551-

477 2659 567 2726 dcmo
589 2676 618 2723 v.
642 2663 704 2724 483
727 2657 891 2739 quaerenti
913 2656 1036 2730 ἱκανοὺς
1057 2659 1118 2722 κτλ.
1141 2660 1273 2743 regerit:
1297 2659 1392 2748 ταύτῃ
1415 2682 1466 2742 γε·
1490 2666 1555 2745 νῷν
1577 2658 1614 2724 δέ
1636 2661 1709 2737 κτλ,
1732 2679 1802 2728 cum
1823 2657 2003 2726 Dmdcrdus
2025 2657 2057 2723 in

477 2778 633 2862 lipsiensi
655 2777 850 2844 scenicorum
870 2784 1035 2860 poetarum
1058 2778 1195 2846 editione
1216 2779 1385 2846 5551551555
1406 2780 1439 2846 in
1461 2780 1575 2847 ceteris
1596 2780 1691 2848 rebus
1718 2778 1913 2848 consentiens
1943 2797 1971 2844 v.
1995 2781 2057 2844 483

478 2895 654 2981 Ohremylu
676 2915 749 2965 enm
771 2897 825 2980 qui
843 2897 986 2981 sequitur
1001 2897 1199 2980 Blepsidemo
1215 2899 1343 2967 tribuat.
1379 2899 1533 2982 Bergkins
1549 2900 1723 2966 Melnelcins
1740 2898 1942 2982 Kappeynius
1965 2897 2062 2964 etiarn

477 3017 626 3084 hocloco
648 3017 877 3084 consentientes
898 3016 1130 3098 Blepsidemum
1153 3037 1173 3086 a
1194 3038 1222 3084 v.
1246 3023 1305 3086 451
1330 3019 1371 3086 ad
1400 3039 1429 3085 v.
1453 3024 1516 3086 483
1544 3023 1698 3087 tacentem
1724 3037 1761 3086 ac
1788 3022 1856 3085 turn
1886 3017 2013 3084 domum
2043 3035 2063 3082 a

479 3135 645 3220 Ohremylo
664 3137 893 3220 interrogatum
916 3137 1011 3226 ταύτῃ
1034 3160 1084 3220 κε·
1115 3146 1179 3224 νῷν
1209 3137 1245 3203 δὲ
1274 3139 1336 3204 κτλ.
1367 3139 1522 3207 dicentem
1547 3138 1675 3206 iaciunt
1724 3138 1939 3215 dicearcho,
1968 3155 2065 3221 quam

480 3261 571 3325 extra
593 3275 717 3324 omnem
740 3257 967 3326 dubitationem
988 3277 1106 3342 ponere
1127 3277 1264 3341 nequeo,
1293 3265 1400 3325 155555
1421 3261 1554 3327 maxime
1581 3259 1658 3326 mihi
1684 3259 1853 3342 probatur,
1883 3258 1958 3342 qnia
1985 3257 2066 3325 hene

479 3375 531 3456 fit,
559 3377 645 3461 qnod
666 3377 882 3460 Blepsidemus
904 3397 933 3443 v.
957 3383 1019 3443 452
1041 3396 1061 3445 a
1083 3377 1248 3461 Chremylo
1277 3376 1478 3446 confirmatus
1506 3379 1650 3464 quidem,
1679 3379 1737 3446 sed
1764 3379 1859 3448 etiam
1886 3382 1954 3446 tum
1983 3377 2067 3444 timi·

482 3497 630 3564 discimus
651 3516 714 3564 non
736 3495 886 3579 loquitur,
907 3497 1092 3580 prinsquam
1113 3499 1324 3582 interrogatus
1347 3501 1397 3567 sit.

583 3619 621 3684 In
642 3637 681 3686 ea
701 3622 806 3702 parte,
835 3635 959 3700 quaea
987 3619 1179 3703 sycophanta
1204 3637 1242 3688 ac
1263 3619 1398 3688 Oarione
1420 3621 1571 3706 Iustoque
1600 3641 1628 3688 v.
1652 3627 1822 3690 850-958
1851 3623 1968 3706 agitur,
1996 3639 2066 3704 per-

483 3757 578 3806 sonas
601 3739 746 3806 dirimere
768 3738 892 3806 facilius
914 3743 979 3820 est,
994 3744 1159 3823 postquam
1175 3739 1376 3824 Chrsmylum
1398 3741 1513 3807 iudea
1539 3761 1567 3808 v.
1583 3745 1646 3808 802
1663 3743 1775 3810 abesse
1788 3741 1919 3809 Beerius
1948 3739 2067 3824 (Ueher

482 3860 533 3928 die
560 3858 637 3927 Zahl
666 3860 722 3926 der
752 3857 970 3941 Schauspieler
999 3859 1050 3925 hei
1077 3859 1303 3942 Aristophanes
1331 3877 1362 3941 p.
1392 3865 1432 3927 97
1463 3861 1524 3947 sq.)
1552 3863 1803 3930 luculentissime
1831 3861 2065 3928 demonstravit.

482 3979 622 4047 Primum
644 3978 726 4046 enim
749 3998 820 4046 cum
853 3998 890 4046 ex
912 3998 940 4045 v.
964 3983 1027 4046 880
1049 3995 1096 4061 sq.
1125 3976 1205 4063 opor
1233 3979 1342 4050 τάλας·
1367 3984 1438 4066 μῶν
1466 3984 1514 4046 καλ
1542 3983 1580 4050 σὺ
1608 3955 1749 4073 peregero
1779 3981 1968 4068 καταγελᾷςς
1992 3980 2066 4045 ,κτλ

485 4100 610 4167 Iustum
636 4100 668 4166 iu
689 4099 914 4185 sycophantam
935 4104 1009 4166 ante
1030 4119 1059 4165 r.
1083 4104 1146 4166 817
1168 4117 1231 4167 555
1252 4099 1412 4167 invectum
1433 4101 1531 4172 inisse
1552 4104 1716 4186 adpareat,
1744 4105 1987 4168 consentaneum
2009 4105 2068 4184 est,

484 4221 552 4290 eiua
574 4237 644 4287 esse
666 4225 789 4288 artum
812 4241 860 4289 vr.
881 4225 1062 4304 acc-862,
1083 4221 1138 4304 qni
1160 4220 1200 4288 ab
1222 4219 1284 4288 alio
1306 4223 1501 4304 pronuntiati
1524 4221 1587 4289 sint
1608 4239 1737 4290 necesse
1759 4224 1808 4287 est
1829 4237 1867 4286 ac
1888 4218 1943 4301 qni
1965 4219 2069 4303 sequi-

484 4343 537 4406 tur
562 4357 671 4406 uersus
700 4339 863 4424 magisque
896 4358 991 4424 quarn
1023 4339 1076 4406 hic
1102 4339 1191 4406 lusto
1221 4342 1440 4409 conuenientes
1469 4341 1511 4408 ad
1539 4341 1682 4408 dadonis
1710 4341 1926 4422 quaestionem
1952 4360 1981 4409 v.
2005 4343 2067 4408 855

484 4461 675 4543 respondere
696 4460 852 4528 videntur.
896 4459 1006 4543 Neque
1028 4458 1122 4526 aliter
1142 4458 1200 4525 hos
1221 4477 1332 4528 versus
1354 4462 1514 4530 novissimi
1535 4461 1671 4530 editores
1694 4460 1932 4530 distribuerunt.
1976 4459 2069 4528 Diffe-

484 4587 561 4650 rnnt
583 4581 707 4648 demum
729 4599 758 4648 v.
782 4584 845 4648 895
867 4597 925 4664 sq,
948 4579 1002 4648 ubi
1024 4578 1182 4664 Bergkius
1205 4585 1237 4646 et
1258 4581 1462 4665 Kappeynius
1486 4581 1590 4666 verbs,
1613 4601 1695 4668 qnae
1716 4585 1792 4648 sunt
1813 4579 2070 4666 κακόδαιμον,

486 4699 697 4790 ὀσφραίνει
721 4682 1038 4783 rr31nst0‚0arioni
1062 4719 1144 4782 quae
1166 4705 1316 4773 secuntur
1338 4704 1406 4764 τοῦ
1429 4702 1580 4791 ψύχους
1600 4701 1633 4785 γ’
1656 4699 1762 4776 ἴσως,
1786 4698 1870 4766 ἐπεὶ
1891 4697 2071 4764 τοιοῦτόν

486 4821 519 4906 κ’
542 4821 762 4911 ἀμπέχεται
784 4821 996 4908 τριβώνιον
1015 4822 1168 4904 tribuunt,
1190 4817 1370 4888 Dindcrhus
1391 4819 1473 4890 haec
1493 4822 1598 4888 omnia
1613 4819 1748 4902 Carioni,
1774 4817 1950 4888 Meinckins
1972 4818 2069 4885 inter·

487 4941 682 5026 rogationem
703 4942 789 5008 illem
810 4939 951 5023 Carioni,
979 4942 1068 5009 Iusto
1090 4957 1275 5024 responsum
1297 4939 1452 5022 adsignat.
1497 4937 1642 5007 Alterum
1669 4955 1794 5008 versum
1821 4957 1884 5006 nnn
1912 4935 1972 5004 sihi
2002 4937 2073 5021 scii,
