4708 5912
1050 597 1087 660 15

274 800 326 867 eui
347 800 431 868 idem
453 800 582 868 nuntius
604 800 744 867 futurum
768 806 836 866 erat
866 806 902 866 ut
930 800 1108 868 adferretur
1136 799 1315 884 respicienti
1345 798 1401 885 ἀρ’
1430 795 1672 889 ἀγγειὶθίγσειαι,Ι
1713 800 1802 880 Quod
1832 800 1859 865 si

274 922 325 988 cui
347 921 491 1004 argutius
515 923 709 1003 disputatum
732 940 800 988 esse
823 922 984 1004 videatur,
1012 922 1204 1006 respondeo,
1236 941 1285 988 me
1311 921 1359 986 his
1388 921 1521 1003 argutiis
1550 939 1612 986 non
1639 921 1857 1002 coniecturam,

275 1041 332 1108 sed
354 1041 520 1108 lectionem
543 1042 680 1108 omnium
703 1041 855 1110 librorum
877 1062 972 1110 manu
995 1043 1183 1127 scriptorum
1206 1041 1373 1110 defendere
1389 1061 1451 1108 uno
1466 1047 1604 1124 excepto,
1627 1042 1659 1106 in
1675 1059 1737 1123 quo
1752 1059 1858 1123 quam·

186 1217 188 1224 .
272 1164 320 1230 ris
343 1163 470 1246 egregio
493 1167 597 1232 tamen
620 1165 801 1249 saepissime
824 1171 961 1232 erratum
985 1185 1054 1233 esse
1077 1172 1109 1233 et
1131 1171 1374 1234 consentaneum
1397 1169 1429 1230 et
1450 1167 1641 1247 compertum
1657 1167 1714 1228 est.
1753 1161 1858 1228 Unum

271 1283 433 1351 tamenin
457 1284 551 1352 dubio
573 1285 731 1368 relinquo,
754 1292 861 1353 utrum
884 1286 951 1373 ἄρα’
972 1287 1004 1368 γ’
1029 1287 1168 1371 ἀγγελεῖ,
1191 1305 1271 1371 quae
1294 1286 1390 1353 rerba
1412 1305 1469 1369 per
1491 1303 1525 1351 se
1548 1283 1719 1350 offensione
1741 1287 1858 1358 carent,

272 1407 408 1474 tenenda
430 1426 471 1474 an
494 1425 532 1472 ex
554 1407 681 1491 Bergkii
703 1409 882 1476 coniectura
903 1411 935 1474 in
960 1407 1017 1495 ἀρ’
1043 1408 1213 1492 ἀπαγγελεῖ
1232 1407 1452 1475 commutanda
1474 1407 1551 1481 sint;
1581 1424 1653 1472 narn
1676 1404 1734 1471 hoc
1762 1404 1858 1472 verbo

271 1532 442 1613 composito
464 1529 515 1596 rin
538 1529 636 1596 ullum
659 1529 734 1597 hoio
754 1531 823 1597 loeo
846 1530 951 1612 aptius
974 1529 1106 1624 inveniri
1128 1531 1253 1612 poterit.

373 1651 409 1718 V.
428 1655 490 1717 653
512 1651 559 1721 ὡς
580 1652 652 1738 γὰρ
676 1649 823 1740 τάχιστ’
846 1647 1069 1735 ἀφικόμεθα
1092 1651 1191 1734 πρὸς
1213 1651 1277 1714 ιάν
1297 1647 1391 1714 θεὸν
1406 1647 1747 1716 RavennasDindorfio
1762 1648 1859 1729 impo-

269 1771 342 1849 suit,
365 1772 420 1852 qui
438 1771 470 1838 in
491 1771 662 1840 novissima
677 1771 876 1839 scenicorum
891 1777 1055 1854 poetarum
1071 1770 1208 1837 editione
1224 1770 1361 1837 adhunc
1377 1790 1510 1853 versum,
1534 1770 1588 1837 uhi
1604 1771 1768 1836 Ravennae
1785 1768 1855 1855 ἀφι-

271 1890 413 1976 κόμεσθα
435 1897 468 1959 et
490 1911 560 1960 eum
583 1893 696 1961 ceteris
720 1893 799 1979 πρὸς
821 1893 873 1956 τὸν
896 1889 971 1956 θεόν
995 1893 1128 1974 exhibet,
1154 1893 1267 1959 horum
1289 1892 1430 1959 codicum
1453 1894 1608 1960 communi
1630 1893 1763 1960 lectione
1786 1909 1860 1958 con-

269 2015 389 2094 tempta
410 2031 468 2094 pro
490 2014 619 2098 vulgato
642 2009 821 2100 ἀφικόμεθα
844 2010 1082 2099 ἀφικόμεσθ’
1105 2033 1142 2080 ac
1164 2013 1276 2081 deinde
1299 2015 1352 2084 ὡς
1373 2031 1430 2114 pro
1457 2014 1537 2100 πρὸς
1562 2014 1761 2082 scribendum
1790 2031 1858 2080 esse

270 2133 448 2216 adnotavit;
477 2135 566 2203 cuius
589 2135 814 2203 emendationis
837 2151 939 2216 neque
961 2136 1181 2204 necessitatem
1205 2155 1306 2218 neque
1328 2137 1482 2204 rationem
1510 2135 1605 2204 ullam
1634 2154 1704 2204 esso
1733 2135 1860 2202 demon-

269 2256 372 2320 strare
392 2273 454 2322 non
477 2274 556 2340 opus
578 2261 636 2324 est.

378 2377 415 2445 V.
445 2381 506 2444 702
533 2379 679 2463 legerunt
706 2380 832 2464 quidem
862 2397 969 2448 omnes
995 2383 1148 2450 editores:
1179 2379 1455 2470 όπγροθρίοισε
1477 2380 1525 2470 γὴ
1555 2377 1738 2444 Πανάκει’
1768 2381 1857 2444 ἀπε·

272 2499 447 2588 σιράφη,
478 2501 533 2568 sed
557 2520 628 2568 uum
649 2505 814 2571 Ravennas
837 2504 952 2589 aliique
973 2505 1113 2573 nonnulli
1136 2505 1273 2585 codices
1301 2521 1434 2586 quorum
1455 2502 1627 2568 auewritas
1650 2501 1778 2568 minimo
1800 2509 1857 2578 est,

273 2617 489 2707 όπεροθρίοισε
511 2624 687 2707 exhibeant,
710 2626 865 2710 Bergkius
882 2628 999 2709 primus
1016 2629 1148 2695 eonieeit
1163 2627 1235 2690 όπε
1240 2647 1290 2713 pp
1296 2623 1424 2711 ροθρί
1430 2648 1450 2688 ιι
1458 2647 1511 2702 σε,
1535 2643 1629 2708 quarn
1646 2625 1856 2691 coniecturam

273 2744 307 2806 et
335 2741 510 2810 Meinekios
533 2744 623 2813 Vind.
653 2767 683 2830 p.
708 2751 770 2814 214
798 2749 942 2831 probavit
969 2753 1001 2815 et
1031 2747 1233 2832 Kappeynius
1264 2745 1373 2813 »valde
1400 2744 1618 2829 plausibilem«
1650 2745 1737 2811 dixit.
1789 2745 1857 2829 Ego

272 2860 363 2928 aliter
392 2865 502 2932 sentio.
554 2866 600 2932 Ut
624 2868 711 2934 enim
741 2869 864 2935 silentio
894 2870 1159 2952 praetermittam,
1190 2870 1351 2951 eleganter
1380 2867 1455 2934 mihi
1484 2868 1585 2934 videri
1616 2866 1857 2952 Aristophanem

273 2980 452 3069 Aesculapii
473 2984 568 3053 filiam
592 2987 887 3056 suberubeseentem
909 2988 1020 3072 faeere,
1045 3009 1138 3074 quom
1160 2990 1373 3058 erubescendo
1395 2987 1522 3056 modurn
1545 3008 1695 3072 superare
1716 2988 1784 3055 reri
1806 2987 1857 3052 vix

274 3099 373 3167 simile
395 3111 478 3187 erat,
502 3107 562 3174 etsi
584 3109 789 3196 όπεροθριάιο
810 3129 967 3194 nusquam
990 3113 1064 3179 alibi
1087 3131 1147 3179 usu
1169 3113 1270 3193 venit,
1292 3117 1397 3178 tomen
1421 3109 1603 3197 ὑπέρυθρος
1623 3111 1703 3177 Plat.
1727 3111 1803 3194 Rep.
1828 3110 1857 3174 X

274 3225 334 3287 617
359 3224 386 3289 Α
408 3231 441 3291 et
462 3227 558 3296 Thus.
583 3231 629 3312 11,
652 3236 710 3313 49,
740 3236 758 3297 5
781 3231 912 3316 legitur,
941 3251 1012 3300 curn
1033 3252 1135 3316 neque
1158 3229 1403 3320 ὑπερεροθριάο
1426 3251 1527 3316 neque
1555 3229 1777 3320 ὑπερέροθρος
1805 3247 1856 3296 us·

272 3360 367 3426 quam
381 3346 579 3417 ,inveniatur
631 3351 694 3419 Sed
721 3352 822 3420 fateor
848 3373 888 3422 ne
915 3354 975 3421 hoc
1001 3354 1129 3437 quidem
1155 3374 1205 3422 mo
1233 3371 1415 3438 pressurum
1442 3371 1527 3435 esse,
1557 3355 1583 3420 si
1611 3354 1644 3420 in
1672 3355 1854 3444 iiarennate

274 3463 354 3532 libro
377 3465 437 3534 hoo
458 3468 560 3554 ipsum
590 3470 845 3560 όπερεροθρίοσε
872 3476 1044 3559 legeretur;
1074 3495 1155 3543 nune
1184 3480 1289 3542 autem
1317 3482 1353 3542 ut
1381 3476 1441 3542 hoo
1468 3474 1634 3557 efficiatur,
1664 3493 1725 3542 non
1755 3474 1854 3540 solum

272 3589 447 3655 ceterorum
469 3589 618 3659 librorum
641 3595 696 3660 sed
719 3596 812 3662 etiarn
833 3597 932 3680 ipsius
955 3598 1146 3664 Ravennatis
1167 3597 1260 3664 lectio
1281 3598 1476 3664 immutanda
1497 3602 1555 3665 est.

373 3709 444 3777 Non
466 3711 586 3779 felicior
607 3714 735 3797 Bergkii
758 3717 846 3785 crisis
869 3717 930 3784 init
952 3739 979 3786 v.
1004 3723 1065 3786 823
1090 3717 1182 3783 ἕπον
1203 3717 1288 3803 μετ’
1310 3717 1404 3804 ἐμοῦ
1427 3717 1655 3804 παιδιίριιιν,
1678 3716 1737 3781 ἵνα
1762 3719 1856 3804 πρὸς

270 3831 334 3893 τὸν
357 3828 446 3895 θεὸν
469 3830 607 3917 ἴωμεν,
636 3836 690 3903 ubi
713 3855 783 3904 cum
806 3839 1019 3906 Ravennatem
1047 3839 1122 3903 ἕπον
1152 3837 1188 3902 δὲ
1211 3839 1287 3924 μετ’
1316 3839 1392 3924 ἐμοῦ
1422 3839 1585 3925 παιδάριον
1617 3839 1676 3902 κτλ.
1709 3839 1855 3906 exhibere

272 3949 408 4033 videret,
431 3956 505 4036 post
528 3953 691 4043 παιδάριον
713 3958 835 4042 plenius
858 3959 1155 4044 interpungendum,
1183 3959 1247 4036 ἵνα,
1275 3978 1368 4041 quarn
1391 3959 1578 4043 particulam
1601 3960 1738 4026 omnium
1760 3960 1854 4027 libro·

272 4088 342 4136 rum
365 4089 535 4142 consensus
558 4077 634 4143 satia
658 4079 740 4144 tueri
762 4079 895 4164 videtur,
918 4081 1144 4165 expellendum,
1167 4081 1203 4146 δὲ
1225 4081 1437 4162 recipiendum
1460 4099 1529 4148 esse
1552 4081 1691 4148 coniecit.
1739 4079 1853 4146 Meina-

273 4187 346 4259 kius
369 4193 459 4263 Vind.
482 4217 512 4282 p.
537 4203 598 4265 216
621 4200 795 4268 rectissime
817 4202 897 4270 hanc
923 4203 1088 4270 lectionem
1116 4204 1242 4287 probari
1270 4221 1363 4286 posse
1391 4204 1531 4284 negavit,
1561 4201 1622 4267 nisi
1649 4219 1775 4268 versum
1803 4219 1854 4265 ex-

274 4310 387 4380 cidisse
407 4319 610 4385 statueretur.
656 4320 719 4388 Sed
741 4323 863 4390 accedit
884 4324 967 4405 qnod
991 4323 1208 4408 Aristophanis
1231 4323 1353 4390 dicendi
1376 4323 1447 4388 usui
1474 4322 1551 4389 nihil
1580 4323 1680 4406 tnagis
1709 4321 1854 4389 convenit

273 4449 373 4518 quum,
391 4433 441 4499 tho
461 4437 538 4504 illud
560 4459 580 4506 a
601 4441 738 4525 Bergkio
760 4449 887 4528 praeter
908 4463 1030 4512 omnem
1052 4445 1271 4513 necessitatem
1294 4445 1466 4529 expulsum.
1517 4443 1604 4511 Solet
1632 4443 1714 4510 eninr
1743 4444 1775 4509 in
1803 4443 1853 4508 his

271 4557 439 4624 comoediis
461 4559 488 4625 is
511 4561 564 4644 qui
586 4562 675 4630 iubet
691 4547 746 4631 'vei
768 4565 956 4633 adhortatur
978 4567 1085 4635 addito
1114 4567 1154 4634 ad
1181 4567 1399 4650 imperativum
1429 4566 1591 4632 enuntiato
1620 4563 1706 4631 finali
1736 4564 1776 4630 ab
1804 4561 1853 4627 ‘iro

267 4677 452 4762 pierumque
475 4681 691 4752 coniunctione
713 4685 881 4770 incipiente
904 4688 1043 4770 aperire,
1074 4687 1149 4770 quid
1171 4686 1224 4754 illo
1246 4688 1334 4754 iussu
1363 4693 1544 4771 perpetrato
1572 4687 1621 4752 rel
1650 4686 1731 4752 alter
1758 4703 1852 4769 agere

271 4797 422 4866 iubeatur
442 4801 490 4866 vel
512 4802 565 4869 ille
586 4805 654 4887 ipse
675 4807 761 4873 solus
783 4807 832 4874 rel
854 4825 925 4875 curn
947 4808 1047 4875 altero
1069 4815 1196 4874 aeturus
1218 4809 1269 4874 sit.
1314 4807 1365 4875 Sic
1387 4827 1484 4892 supra
1509 4827 1537 4872 v.
1563 4811 1624 4874 644
1654 4804 1774 4894 ταγέιος
1803 4827 1851 4868 κα·

264 4919 351 5010 γόοις
373 4920 449 5009 φέρ’
471 4921 565 5000 οἶνον,
588 4922 614 4988 ὦ
637 4925 787 5005 δέσποιν’,
810 4927 858 4992 ἵνα
880 4928 974 5017 καύτὴ
997 4928 1078 5017 πίῃς,
1101 4929 1181 5011 Equ.
1199 4934 1259 4994 746
1277 4949 1329 5012 sq.
1353 4929 1483 5017 καὶμὴν
1505 4927 1638 5016 ποιήσας
1655 4924 1760 4990 αὐτίκα
1772 4921 1851 5010 μόλ’

267 5042 425 5133 ἐκκλησίαν
447 5041 474 5109 ὦ
498 5043 580 5136 Δῆμ’
604 5045 644 5111 ’ἶν’
673 5047 761 5138 εἰδῇς
787 5047 941 5135 ὁπότερος
969 5057 1036 5134 νῷν
1063 5048 1131 5114 ἐστι’
1157 5071 1206 5114 σοι
1234 5048 1442 5136 εὐνούστερος
1470 5047 1636 5135 διάκρινον,
1665 5045 1713 5110 ἵνα
1743 5046 1850 5110 τοῦτον
