4708 5912
1054 597 1094 662 33

282 807 324 876 ib.
348 825 377 872 ν.
404 809 483 872 1427
505 822 570 888 sq.:

320 893 323 900 ⁴
643 923 724 1012 ἀνὴρ
746 921 929 1010 Συβαρίτης
951 921 1099 996 ἐξέπεσεν
1121 921 1160 994 ἐξ
1179 921 1329 1008 ἅρματος,

642 1043 692 1107 καί
712 1065 781 1114 πιυς
801 1046 970 1133 κατεάγη
993 1048 1049 1133 τῆς
1070 1043 1209 1132 κεφαλῆς
1227 1043 1310 1127 μέγα
1334 1041 1476 1130 σφόδρα·

643 1162 809 1254 ἐτύγχανεν
831 1165 892 1251 γὰρ
915 1165 950 1229 ού
974 1163 1092 1252 τρίβων
1115 1163 1160 1228 ὢν
1182 1165 1312 1253 ἱππικῆς.

643 1281 786 1350 κᾶπειτ’
811 1284 938 1355 ἐπιστὰς
959 1281 1019 1349 εἶπ’
1042 1285 1123 1373 ἀνὴρ
1146 1284 1234 1372 αύτῷ
1256 1283 1361 1370 φίλος·

469 1471 472 1478 ,
645 1403 733 1491 ἔρδοι
757 1429 801 1477 τις
821 1407 859 1494 ἣν
882 1405 1015 1477 ἕκαστος
1037 1405 1131 1494 ελδείφ
1155 1405 1271 1494 τέχνην.

286 1528 328 1596 ib.
354 1531 436 1593 1434
459 1543 522 1608 sq.:
845 1525 879 1590 ἐν
901 1525 1045 1612 Συβάρει
1067 1527 1144 1615 χυνὴ
1168 1549 1244 1590 ποτε

644 1646 773 1721 κατέαξ’
796 1647 904 1736 ἐχῖνον.
927 1645 1014 1709 ΚΑΤ.
1038 1648 1128 1709 ταῦτ’
1150 1645 1212 1728 ἐγὼ
1232 1645 1442 1732 μαρτύρομαι.

650 1767 726 1834 ΦΙΛ.
751 1767 874 1855 οὑχῖνος
894 1763 949 1830 οὖν
971 1763 1052 1854 ἔχων
1074 1765 1133 1829 τιν’
1157 1763 1414 1852 ἐπεμαρτύρατο·

645 1885 721 1952 εἶδ’
743 1889 763 1976 ἡ
786 1883 958 1971 Συβαρῖτις
979 1884 1072 1966 εἶπεν,
1101 1885 1129 1948 εί
1151 1886 1198 1948 ναί
1221 1885 1276 1950 τὰν
1299 1885 1402 1972 κύρανι
1418 1887 1478 1950 κτλ.

287 2007 394 2084 Etiam
416 2009 508 2090 ploro
530 2009 628 2076 verba
648 2006 738 2074 finito
759 2025 797 2074 ex
818 2007 878 2074 hoe
900 2005 1051 2074 narrandi
1072 2023 1132 2072 usu
1149 2023 1219 2074 sese
1240 2006 1383 2090 excipere
1408 2023 1502 2090 posse
1517 2007 1611 2090 Vesp.
1629 2012 1692 2075 788
1707 2027 1754 2091 sq.
1777 2009 1880 2086 docet,

287 2130 344 2198 ubi
363 2129 442 2198 haee
464 2128 628 2213 leguntur:

723 2252 727 2264 '
852 2247 994 2336 δραχμὴν
1014 2246 1091 2332 μετ’
1115 2245 1192 2332 ἐμοῦ
1215 2245 1326 2334 πρφίην
1349 2247 1457 2331 λαβὼν

644 2364 747 2434 ildino
769 2365 1015 2453 διεκερματίζετ’
1037 2364 1071 2430 ἐν
1094 2368 1159 2437 τοῖς
1179 2363 1308 2455 λχδύσιν,

644 2486 794 2554 κᾶπειτ’
817 2483 953 2574 ἐπέθηκε
974 2487 1059 2571 τρεῖς
1079 2485 1209 2557 λοπίδας
1227 2510 1283 2572 μοι
1304 2487 1477 2574 κεστρέων·

645 2609 730 2692 κάγὼ
753 2603 890 2692 ’νέκαφ’·
913 2605 1050 2692 δβολυδς
1069 2607 1130 2694 γὰρ
1152 2601 1262 2696 φ’ύμην
1284 2607 1410 2691 λαβεῖν·

646 2722 744 2817 κᾷτα
765 2723 952 2816 βδελυχδεῖς
973 2726 1175 2813 ὀσφρόμενος
1199 2727 1371 2803 ἐξέπτυσα·

647 2843 737 2939 κᾷθ’
762 2849 859 2914 εἷλκον
883 2844 985 2912 αὐτόν.

290 2973 440 3042 Oonleras
463 2989 580 3057 quaeso
596 2970 652 3038 hos
667 2969 752 3038 locos
774 2987 845 3035 eurn
860 2968 913 3034 illo
927 2969 1012 3035 Pluti
1025 2968 1093 3036 loeo
1109 2974 1141 3038 et
1156 2987 1277 3037 meeum
1293 2969 1444 3052 censebis,
1463 2969 1677 3054 Aristophani,
1693 2989 1755 3038 non
1771 2972 1884 3039 eodioi-

291 3092 354 3158 hus
372 3093 435 3160 viru
456 3091 580 3174 inferre,
604 3091 659 3175 qui
679 3109 708 3156 v.
733 3093 794 3156 205
818 3087 930 3167 deleat

393 3212 443 3280 Ne
463 3231 492 3279 v.
515 3210 779 3298 sesquinona
806 3209 880 3282 τοὺς
907 3208 1044 3281 δικαίους
1069 3211 1134 3300 φὴς
1165 3212 1303 3296 ποιήσειν
1326 3209 1494 3281 πλουσίους
1520 3213 1590 3278 iure
1612 3211 1778 3280 seclusisse
1799 3212 1885 3296 Kap-
1979 3287 1982 3292 ¹

291 3331 439 3415 populum
460 3331 538 3398 disei
559 3337 665 3416 potest
685 3351 724 3400 ex
746 3329 800 3408 eis,
822 3347 903 3411 queo
925 3349 983 3415 ego
1008 3331 1040 3398 in
1062 3330 1254 3400 Fleckeiseni
1276 3329 1441 3398 annalibus
1462 3330 1658 3414 philologieis
1677 3337 1758 3399 1867
1773 3351 1803 3416 p.
1820 3319 1882 3400 loa

292 3450 438 3520 disserui.

383 3573 495 3651 *Quen
517 3572 620 3640 adhue
642 3589 724 3655 quse
745 3572 863 3638 tradito
885 3576 959 3638 sunt
982 3576 1018 3639 nt
1039 3577 1242 3640 servarentur
1262 3587 1355 3653 quem
1378 3573 1511 3640 maximo
1526 3573 1654 3640 studere
1669 3572 1784 3656 vidisti,
1800 3573 1883 3641 idem

292 3703 351 3774 ego
372 3709 474 3775 neque
495 3692 605 3760 Gobeti
629 3691 757 3775 (Mnom.
779 3691 813 3758 ΙΙ
832 3711 863 3775 p.
888 3692 963 3776 221)
987 3691 1134 3759 Meinekii
1156 3691 1285 3775 Berghii
1307 3694 1483 3778 Kappepnii
1505 3713 1534 3760 v.
1561 3699 1627 3761 584

539 3809 588 3874 ἵνα
611 3811 678 3882 τοὺς
700 3807 849 3899 Ἕλληνας
871 3812 1011 3882 ἅπαντας
1037 3811 1085 3876 ἀεὶ
1112 3807 1152 3875 δι’
1182 3811 1274 3883 ἔτους
1299 3812 1438 3899 πέμπτου
1462 3813 1636 3902 ξυναγείοει

292 3929 434 4013 spurium
458 3947 528 3997 esse
543 3932 735 3998 censentium
750 3933 914 3999 consensui
930 3933 1089 3999 adversari
1105 3933 1206 4000 audeo
1223 3952 1324 4017 neque
1339 3935 1482 4002 versibus
1498 3939 1558 4001 566
1576 3937 1611 4024 νὴ
1636 3936 1687 3999 τὸν
1709 3929 1759 3998 Δί’
1784 3934 1811 3998 el
1834 3934 1885 3998 δεῖ

296 4047 401 4118 λαθεῖν
424 4049 528 4126 αὐτόν,
545 4055 614 4122 πῶς
626 4051 692 4141 oripi
707 4051 831 4137 κόσμιόν
846 4051 927 4133 ἐστι;
948 4056 1005 4119 aut
1020 4055 1082 4118 806
1098 4049 1181 4116 οὕτω
1199 4053 1232 4117 τὸ
1248 4054 1394 4118 πλουτεῖν
1416 4053 1499 4118 ἐστιν
1522 4053 1581 4141 ῆδδ
1606 4053 1736 4139 πρᾶχμιί
1758 4077 1785 4118 τι
1800 4054 1885 4137 (vide

297 4171 404 4254 supra)
432 4177 585 4254 petronus
615 4171 763 4254 existam,
793 4190 927 4256 qnorum
955 4172 1035 4255 alter
1057 4191 1155 4241 novae
1176 4173 1312 4240 lorusse
1334 4174 1515 4242 comoediae
1539 4191 1650 4241 versus
1673 4173 1885 4241 similitudinis

299 4305 393 4358 seusa
406 4291 447 4358 ad
460 4309 489 4358 s.
506 4295 568 4358 802
585 4291 632 4362 ὡς
651 4293 711 4382 ἡδὺ
734 4293 879 4380 πράττειν
901 4291 1023 4378 ὦνδρές
1044 4290 1110 4357 ἐστ’
1134 4293 1329 4378 εὐδαιμόνως
1348 4293 1525 4378 adscriptus
1553 4313 1621 4362 esse
1643 4293 1776 4375 videtur,
1798 4293 1885 4361 illum

299 4406 499 4490 Aristophani
519 4431 560 4480 ne
580 4411 609 4479 is
631 4412 756 4495 quidem
777 4411 937 4481 vindicare
958 4415 1083 4497 poterit,
1109 4414 1162 4496 qui
1184 4433 1222 4482 ex
1244 4433 1354 4482 versus
1376 4415 1544 4482 ruderibus
1566 4416 1723 4498 integrum
1744 4413 1863 4482 feeerit.

399 4528 451 4595 nd
472 4529 605 4597 ίσυαιιαι
621 4551 799 4618 pergamus.
837 4535 905 4614 Quo
927 4535 959 4602 in
981 4553 1096 4618 genere
1119 4535 1219 4602 multa
1233 4536 1330 4603 dubia
1345 4541 1427 4602 sunt.
1467 4535 1518 4603 Sie
1533 4553 1603 4603 eum
1619 4533 1776 4602 Meinekio
1792 4532 1884 4600 Vind.

294 4667 325 4732 p.
349 4651 411 4716 215
433 4649 509 4717 mihi
529 4652 696 4721 admodum
718 4653 887 4722 verisimile
907 4661 957 4721 est
979 4660 1095 4721 antei.
1113 4659 1171 4720 771
1197 4655 1256 4718 καλ
1278 4657 1487 4741 προσκυνῶ
1511 4677 1553 4738 γε
1576 4653 1709 4740 πρῶτα
1730 4653 1799 4739 μὲν
1822 4655 1886 4718 τὸν

294 4767 401 4855 ἥλιον
433 4771 534 4852 prima
555 4773 702 4842 intrantis
723 4774 809 4841 Pinti
830 4774 926 4843 verba
953 4773 1160 4855 intercidisse,
1190 4775 1247 4841 sod
1276 4774 1483 4842 demonstrari
1512 4774 1563 4842 vix
1586 4793 1725 4858 unqnaan
1753 4774 1882 4856 poterit,

293 4889 491 4970 onwrnohis
512 4891 673 4975 probatur.
702 4895 937 4963 Dobraeovero
958 4900 1032 4978 post
1045 4913 1074 4962 v.
1091 4899 1153 4961 885
1177 4890 1255 4958 dll’
1279 4893 1346 4959 οὐκ
1367 4893 1494 4960 ἔνεστι
1516 4895 1771 4981 συκοφάντου
1794 4893 1888 4982 opp.

291 5031 422 5093 ματος
443 5029 540 5080 nnunr
561 5030 688 5082 versum
708 5017 841 5100 periisse
862 5015 1058 5097 oonhhnlis,
1086 5032 1150 5100 quo
1177 5014 1286 5081 addito
1312 5015 1363 5084 hio
1384 5033 1495 5083 versus
1523 5015 1700 5082 eritioorum
1721 5011 1885 5082 conatibus

1730 5131 1747 5188 5
