4708 5912
1083 603 1119 666 11

311 801 378 870 ἀλλ’
408 803 456 870 αὔ
484 829 518 872 τι
542 805 696 894 χαίρων
726 801 790 870 αὔτ’
817 803 917 892 ἐρεῖς,
941 804 1035 889 Soph.
1061 806 1096 872 Ο.
1121 807 1155 872 Τ.
1181 810 1241 873 363
1265 803 1336 870 ἀλλ’
1364 803 1411 869 οὔ
1431 829 1464 872 τι
1481 807 1603 897 χαίρων
1627 807 1676 880 δίς
1698 833 1734 894 γε
1758 813 1904 900 πημονὰς

308 926 402 1013 ἐρεῖς.
447 927 579 996 Poterat
600 926 694 994 etiam
718 925 812 1011 Soph.
828 925 907 992 Phil.
934 930 1015 992 1299
1039 921 1104 990 ἀλλ’
1131 923 1176 991 οὔ
1196 949 1227 992 τι
1243 925 1413 1017 χαίρων,
1436 926 1473 1016 ήν
1496 925 1564 993 roo’
1589 927 1728 1020 ὀρθωθῇ
1749 931 1847 1016 βέλος
1868 939 1901 1000 61

309 1047 417 1129 Eurip.
442 1045 495 1114 Or.
521 1052 602 1116 1693
627 1046 699 1112 ἀλλ’
723 1043 766 1110 οὔ
787 1070 818 1110 τι
837 1045 987 1136 χαίρων
1009 1045 1047 1135 ήν
1069 1070 1107 1131 γε
1126 1049 1170 1136 μή
1194 1046 1290 1136 φ’ύγητ
1314 1049 1447 1134 πτεροῖς.
1472 1049 1592 1130 Quibus
1607 1050 1683 1118 locis
1699 1069 1737 1118 ex
1753 1052 1901 1120 Meinekii

308 1168 488 1238 coniectura
503 1167 608 1252 (Vind.
622 1188 654 1253 p.
666 1168 721 1251 42)
744 1167 892 1235 adderem
907 1168 979 1236 Pac.
997 1174 1058 1236 316
1081 1166 1128 1234 αὔ
1148 1193 1180 1233 τι
1197 1168 1351 1258 χαίρων
1374 1166 1455 1234 ἔστιν
1477 1165 1574 1258 αι’ντήν
1596 1171 1682 1242 ὅστις
1703 1171 1903 1262 ἐξαιρήσεται

309 1308 367 1374 pro
391 1285 431 1352 οὔ
452 1312 478 1354 τι
499 1290 547 1352 καὶ
569 1293 632 1366 νῦν,
655 1290 716 1356 nisi
737 1289 904 1373 impedirer
926 1291 1130 1358 similitudine
1151 1291 1218 1359 eius
1240 1291 1315 1372 loci,
1344 1309 1436 1373 quem
1458 1291 1901 1377 Dobrseusoov.11p.ror

309 1411 443 1480 eonion-i
464 1409 558 1477 iussit
585 1411 694 1494 Eurip.
718 1410 874 1478 Heracliti.
905 1415 976 1477 976.
1001 1417 1020 1476 7
1050 1413 1157 1476 τοῦτον
1181 1410 1223 1493 δ’,
1253 1410 1380 1499 ἐπείπερ
1402 1413 1517 1502 χεῖρας
1544 1409 1642 1502 ήλιλεν
1671 1413 1716 1485 ai<
1738 1413 1825 1500 ἐμάς,
1848 1415 1904 1480 αὖα

309 1530 373 1596 ἔστι
395 1530 519 1622 θνητῶν
540 1532 626 1604 ὅστις
647 1531 856 1620 ἐξαιρήσεται,
879 1533 929 1599 661
950 1531 1099 1598 simillimi
1121 1537 1196 1600 suni
1221 1534 1336 1602 Alcest.
1361 1539 1423 1600 848
1446 1538 1480 1601 61
1501 1533 1583 1601 Med.
1617 1540 1693 1610 793;
1723 1553 1902 1619 quanquam

309 1655 357 1720 ναὶ
380 1655 432 1716 νῦν
455 1659 638 1738 corruptum
661 1671 731 1720 esse
753 1671 816 1720 non
838 1671 927 1735 nego.

413 1771 492 1842 Cum
519 1775 579 1844 hoo
608 1792 668 1842 usu
696 1792 771 1841 vero
799 1773 826 1838 is
849 1771 1077 1856 comparandus
1100 1790 1170 1840 essa
1192 1771 1331 1854 videtur,
1362 1792 1424 1859 quo
1447 1777 1479 1842 in
1502 1775 1707 1846 adfirmationis
1731 1778 1901 1847 enuntiatis

302 1895 432 1986 ηαήνειν
455 1901 486 1962 61
519 1886 625 1962 λυπεῖν
647 1893 751 1962 verbis
783 1891 979 1961 indefinitum
999 1893 1136 1986 adicitur
1158 1894 1196 1962 ci.
1220 1895 1302 1960 Plut.
1327 1898 1364 1959 61
1387 1893 1458 1958 ἀλλ’
1487 1895 1574 1962 εἴτι
1596 1896 1759 1988 χαίρεις
1781 1899 1898 1988 ἀνδρὸς

310 2016 442 2103 εὐόρκου
465 2015 601 2103 τρόποις,
624 2017 665 2083 ib.
690 2019 729 2082 22
753 2013 791 2104 ήν
813 2015 943 2104 λυπῇς
964 2013 1006 2078 τί
1022 2036 1081 2098 με,
1104 2015 1146 2082 ib.
1166 2018 1225 2080 142
1248 2013 1332 2079 ὥστε
1355 2016 1409 2079 ταῦ
1424 2013 1496 2086 Διὸς
1511 2017 1565 2104 τήν
1581 2015 1719 2103 δύναμιν,
1735 2017 1773 2108 ήν
1795 2017 1901 2108 ioris

311 2161 360 2215 τι,
385 2135 566 2208 καταλύσεις
584 2133 691 2222 μόνας,
714 2136 771 2203 Av.
797 2139 878 2202 1253
902 2135 939 2199 σὺ
963 2133 996 2198 d'
1020 2131 1107 2221 εἶρε
1129 2136 1319 2225 λυπήσεις
1341 2157 1387 2212 τι,
1411 2138 1468 2224 τῆς
1489 2135 1633 2202 διακόνου
1656 2138 1729 2218 κτλ,
1745 2139 1818 2224 Lys.
1837 2145 1898 2208 656

311 2258 337 2324 al
359 2257 395 2324 δὲ
416 2258 607 2347 λυπήσεις
628 2256 665 2322 τί
681 2278 738 2342 ρε.

411 2379 500 2460 Quae
521 2379 626 2448 omnia
653 2378 681 2443 si
703 2377 806 2444 animo
837 2377 1050 2462 perpenderis,
1082 2395 1144 2444 non
1165 2377 1284 2463 poteris
1306 2375 1445 2461 Bergkio
1477 2378 1657 2460 concedere,
1681 2384 1719 2448 ut
1740 2398 1768 2447 v.
1792 2384 1832 2447 26
1855 2379 1904 2446 οὔ

309 2526 339 2568 τι
362 2501 474 2590 κρύψω
496 2498 628 2584 legatur.
674 2499 784 2583 Neque
805 2499 838 2565 id
860 2497 960 2566 voluit
981 2499 1193 2583 Kappeynius,
1217 2499 1272 2582 qui
1294 2505 1400 2568 tamen
1422 2501 1620 2568 Ravennatis
1642 2502 1749 2570 variae
1771 2503 1900 2570 lectioni

307 2623 425 2708 aliquid
458 2621 659 2690 tribuendum
695 2638 764 2688 esse
797 2625 886 2686 ratus
920 2620 1093 2688 coniunctis
1126 2620 1220 2688 huius
1250 2624 1288 2688 ae
1317 2627 1492 2690 ceterorum
1526 2623 1678 2690 librorum
1713 2624 1901 2694 lectionibus

307 2743 437 2809 οὐκέτι
459 2743 510 2812 vel
524 2742 566 2807 od
590 2742 683 2827 σέγε
698 2741 897 2810 scribendum
912 2743 1086 2824 proposuit,
1102 2760 1237 2826 quarum
1256 2743 1425 2812 lectionum
1437 2744 1569 2811 alteram
1585 2763 1643 2828 ego
1657 2746 1689 2812 in
1704 2745 1901 2814 Fleckeiseni

309 2865 478 2934 annalibus
503 2867 585 2932 1868
606 2883 636 2948 p.
661 2868 723 2929 476
746 2881 792 2947 sq.
815 2862 1000 2946 improbavi,
1022 2864 1158 2947 priorem
1181 2864 1313 2931 eandem
1335 2882 1436 2932 meam
1458 2863 1555 2932 luisse
1576 2865 1720 2945 iudicavi,
1747 2885 1901 2936 commen·

308 2987 415 3054 datam
444 2985 530 3053 illam
560 2984 764 3052 similitudine
794 3003 905 3052 vorsus
935 2985 1075 3052 eiusdem
1104 2983 1230 3052 fabulae
1258 2989 1321 3051 284
1344 2983 1413 3048 ἀλλ’
1446 2983 1551 3050 οὐκέτ’
1574 2983 1611 3049 ἄν
1634 2985 1791 3073 κρύψαιμι.
1838 2987 1901 3056 Sed

307 3125 390 3174 nuno
411 3107 486 3174 mihi
509 3107 574 3174 veri
596 3107 729 3174 similius
752 3124 822 3174 esse
843 3105 976 3188 videtur,
1000 3106 1032 3172 in
1055 3125 1116 3174 nuo
1141 3108 1324 3174 Ravenmte
1348 3111 1487 3175 erratum
1511 3123 1581 3174 esse
1603 3111 1635 3174 et
1657 3108 1899 3193 Aristophanem

281 3297 284 3304 ,
307 3244 343 3292 re
364 3245 438 3294 vera
460 3227 529 3292 ἀλλ’
553 3225 592 3292 οὔ
612 3250 650 3292 σε
672 3227 783 3315 κρύφα
806 3228 988 3312 scripsisse,-
1011 3230 1042 3295 in
1064 3247 1128 3311 qua
1149 3210 1335 3298 lectionesa
1350 3247 1521 3313 pronomen
1537 3233 1704 3311 propterea
1718 3228 1810 3297 valde
1825 3231 1900 3298 mihi

308 3346 420 3430 placet,
443 3349 526 3428 quod
549 3368 631 3432 quae
653 3356 803 3418 seruntur
825 3349 866 3416 ad
888 3348 1019 3417 61161616
1041 3367 1208 3432 personam
1230 3351 1390 3435 pertinent
1410 3349 1506 3434 inque
1530 3368 1567 3416 eo
1589 3354 1766 3432 versantur,
1789 3355 1827 3418 61
1848 3351 1901 3420 de-

308 3471 491 3549 monstrent,
516 3487 572 3538 666
594 3472 648 3556 qui
670 3470 847 3555 adpellatur
870 3470 962 3539 Cario
985 3472 1182 3556 potissimum
1204 3469 1266 3538 fide
1287 3471 1405 3555 diguus
1428 3470 1478 3537 sit.

410 3588 575 3659 Contrario
594 3592 671 3659 vitio
692 3593 859 3662 Ravennas
881 3593 1026 3661 laborare
1052 3592 1178 3660 videtur
1205 3613 1233 3659 v.
1261 3596 1341 3658 1642
1371 3591 1438 3656 ΝΕ.
1469 3591 1696 3676 ἀσπάζομαι
1725 3591 1824 3658 ΧΡΕ.
1856 3593 1900 3657 σέ

306 3734 435 3800 φησιν.
481 3713 547 3778 NE.
570 3713 714 3804 ἀρχαία
737 3713 843 3804 φίλη,
867 3713 920 3781 ubi
942 3713 1098 3798 Bergkius
1121 3719 1154 3780 61
1175 3713 1352 3780 Meinelrius
1375 3733 1412 3781 ex
1427 3713 1611 3781 Rauennate
1633 3711 1671 3778 σε’
1696 3736 1792 3804 φησιν
1814 3733 1898 3782 rece-

304 3837 420 3917 perunt
450 3837 546 3919 atque
575 3835 742 3919 Chremylo
770 3836 966 3914 tribuerunt,
995 3835 1091 3903 ceteri
1119 3833 1241 3902 codices
1270 3841 1302 3902 et
1330 3834 1467 3902 editores
1496 3834 1530 3900 ri
1550 3857 1685 3924 φήσας
1714 3836 1788 3902 anui
1811 3837 1896 3904 daut.

304 3956 474 4022 Praeterea
505 3956 589 4040 quod
623 3956 801 4040 ἀσπάζομαι
829 3957 1007 4026 accusativo
1038 3973 1145 4024 carere
1168 3957 1218 4022 vix
1239 3962 1357 4041 posset,
1380 3955 1554 4024 Meinekius
1578 3955 1669 4024 Vind.
1694 3976 1724 4041 p.
1750 3961 1809 4023 221
1834 3956 1896 4024 lor·

306 4083 392 4145 tasse
414 4075 580 4167 ἀρχαίαν
604 4077 714 4167 φίλην
738 4078 938 4147 scribendum
961 4095 1031 4146 esse
1058 4079 1204 4160 coniecit,
1228 4083 1261 4146 et
1283 4078 1491 4148 adolescentis
1514 4077 1736 4146 salutationem
1758 4077 1799 4145 ab
1821 4079 1897 4146 ado

306 4196 441 4266 lescente
471 4199 656 4284 interrumpi
683 4199 766 4268 16611.
812 4199 902 4280 Quod
931 4201 970 4268 de
998 4200 1177 4268 accusativo
1206 4199 1384 4284 ἀσπάζομαι
1405 4198 1502 4267 verbo
1527 4197 1672 4264 addendo
1701 4198 1795 4266 homo
1826 4199 1895 4267 doe-

306 4317 448 4388 tissimus
476 4321 563 4403 dixit,
596 4321 630 4389 id
659 4320 784 4390 videtur
811 4339 920 4389 verum
942 4339 1012 4390 esse
1034 4327 1066 4390 et
1086 4325 1234 4407 poterant
1257 4338 1328 4388 com
1351 4320 1467 4405 optimo
1489 4318 1596 4388 116616
1625 4319 1741 4387 similes
1775 4319 1808 4386 hi
1834 4320 1895 4390 looi

306 4438 454 4508 oonierri:

660 4564 742 4633 Nub.
768 4565 849 4630 1145
873 4561 1073 4652 Στρεψιάδην
1097 4562 1327 4648 ἀσπάζομαι

660 4687 717 4753 1111.
744 4691 824 4752 1377
848 4683 1146 4771 ἀσπαζόμεσθα
1169 4685 1327 4772 φιλύρινον
1349 4683 1494 4775 Κινησίαν

661 4809 747 4876 Alex.
771 4808 857 4878 06111.
881 4807 934 4876 III
954 4830 985 4895 p.
1010 4813 1072 4875 460
1095 4807 1326 4894 ἁσπιίζαραι
1347 4808 1445 4894 γραῦν
1468 4805 1593 4893 σφίγγα,

303 4944 341 4992 en
364 4925 478 5012 quibos
500 4927 534 4996 id
556 4929 758 5015 intellegitur,
781 4931 876 5000 huius
898 4931 1058 4999 salutandi
1080 4929 1234 4998 formulae
1255 4931 1314 4999 hoo
1335 4928 1433 4998 inissa
1455 4929 1628 5013 proprium,
1644 4935 1680 4997 ut
1694 4947 1830 5013 persona
1843 4947 1892 4997 aa·

304 5047 438 5116 lutanda
457 5067 521 5117 non
543 5051 765 5136 adpellaretur,
788 5055 843 5122 sed
867 5053 1025 5122 salutandi
1052 5054 1148 5123 verbo
1175 5051 1330 5121 obiectum
1358 5050 1548 5120 subderetur
1573 5069 1686 5120 nomen
1704 5053 1764 5210 2nel
1785 5051 1891 5134 aliqua
