4708 5912
1061 591 1102 654 ab

973 673 1177 690 -η

278 789 418 868 inducat
463 789 540 860 'l'ole
561 807 675 860 nornen
696 789 888 875 Mercurius,
915 792 970 862 ubi
993 793 1070 863 dicit
1091 812 1121 859 v.
1147 796 1226 861 1161
1252 790 1421 874 ἐναγώνιος
1446 790 1545 858 τοίνυν
1574 787 1700 876 ἔσομαι,
1728 809 1764 860 se
1792 791 1875 862 inve·

278 910 364 980 nisse
384 927 570 996 persuasum
591 910 703 988 habet;
726 912 831 997 porgit
853 913 935 980 euim
957 913 1076 998 gaudio
1099 914 1217 982 elatus:
1241 913 1290 978 καὶ
1313 909 1341 977 τί
1361 907 1410 977 ἔτ’
1433 909 1532 996 &price
1555 929 1593 980 sc
1613 911 1730 978 iustam
1745 927 1874 980 causam

278 1031 376 1114 addit,
398 1047 480 1114 quae
502 1030 628 1100 Carioni
655 1050 718 1098 non
745 1035 872 1114 poterat
899 1033 975 1115 quin
1001 1033 1136 1102 maxime
1162 1033 1303 1117 placeret
1331 1052 1369 1100 ex
1398 1031 1525 1098 musicis
1548 1037 1581 1099 et
1602 1032 1754 1116 gymnicis
1776 1036 1876 1100 certa·

277 1150 414 1220 minibus
435 1170 518 1222 nora
548 1144 781 1222 oblectamenta
808 1154 988 1238 expectanti
1014 1155 1228 1238 gaudentique
1255 1154 1366 1220 domus
1393 1151 1552 1219 luxuriam
1580 1151 1707 1235 proprio
1729 1152 1874 1219 certami-

277 1289 353 1340 num
375 1276 482 1341 tutore
502 1271 611 1340 addito
632 1278 761 1342 auctum
780 1274 830 1340 iri.
861 1273 954 1342 Corio
977 1274 1075 1359 igitur
1098 1275 1255 1342 Mercurio
1278 1272 1456 1340 adsentitur
1477 1271 1581 1340 verbis
1604 1291 1686 1357 qnae
1708 1277 1858 1340 secuntur

278 1392 324 1466 ὡς
345 1389 466 1477 ἀγαθόν
485 1388 552 1458 ἐστ’
574 1391 752 1481 ἐπωνυμίας
771 1392 868 1488 ἔχειν·
891 1392 983 1468 οὗτος
1004 1395 1065 1482 γὰρ
1088 1393 1260 1483 ἐξηύρηκεν
1282 1392 1370 1478 αὐτῷ
1390 1390 1508 1476 βιότιον
1531 1392 1591 1458 κτλ.
1629 1390 1788 1460 Nimirum
1802 1392 1873 1475 lar·,

279 1513 401 1598 piorem
422 1513 540 1580 uelum
561 1531 656 1599 qnam
678 1530 740 1596 qno
761 1515 830 1598 ipse
851 1513 968 1582 fruitur
996 1514 1152 1588 Mercurio
1182 1532 1388 1584 concessurus
1418 1532 1481 1581 uon
1504 1519 1562 1598 est,
1588 1530 1681 1594 quem
1703 1487 1872 1582 servitutis

277 1633 399 1703 socium
420 1638 554 1702 nanctus
576 1651 646 1702 esse
674 1635 734 1702 sibi
755 1633 894 1702 videtur.
940 1634 1052 1714 ltaque
1073 1637 1241 1716 postquam
1256 1634 1430 1703 Mercurius
1444 1633 1658 1718 interrogavit,
1673 1651 1749 1701 num
1763 1639 1875 1718 posset

277 1753 337 1822 sub
361 1752 421 1821 buc
443 1753 624 1823 condicione
643 1755 676 1823 iu
698 1753 826 1822 domum
852 1753 992 1830 introire,
1024 1753 1058 1820 id
1079 1754 1195 1822 tacitus
1217 1755 1371 1835 concedit,
1400 1756 1456 1822 sed
1478 1760 1516 1822 nt
1537 1774 1617 1824 uoro
1640 1755 1742 1824 incola
1764 1756 1873 1822 stetim

277 1875 426 1946 insnum
448 1892 542 1964 usum
562 1877 723 1957 abutatur,
747 1893 819 1944 eum
841 1882 914 1946 exta
934 1877 1042 1948 lavare
1062 1877 1159 1960 iubet
1177 1895 1239 1960 quo
1254 1876 1397 1944 dadonis
1412 1894 1542 1946 munere
1556 1877 1733 1946 Mercurius
1747 1876 1871 1945 iniussu

278 1993 412 2080 fungens
434 1994 575 2080 aprime
596 1995 687 2064 initio
716 1995 882 2082 Obremylo
903 1997 1091 2066 industriam
1121 2015 1212 2066 suam
1241 1997 1517 2066 commendaturus
1548 2001 1626 2065 erat
1672 1997 1756 2066 Illud
1788 1998 1872 2066 enim

279 2116 365 2202 quod
384 2113 483 2184 latine
506 2116 665 2187 ›iniussu‹
695 2115 758 2186 dixi
785 2117 818 2184 in
846 2116 940 2190 αὐτός
968 2137 997 2186 r.
1023 2122 1104 2188 1169
1131 2119 1235 2188 inesse
1256 2123 1351 2203 puto,
1381 2121 1536 2202 utsupra
1563 2136 1592 2183 r.
1618 2122 1680 2185 964
1708 2133 1755 2198 sq.
1787 2117 1870 2204 φέρε

280 2257 333 2302 νον
355 2233 419 2322 ἐγὼ
442 2239 504 2302 τῶν
526 2233 657 2302 ἔνδοθεν
678 2235 801 2304 καλέσω
825 2239 901 2304 τινά.
925 2237 1013 2306 ΧΡΕ.
1034 2241 1079 2332 μὴ
1102 2235 1189 2329 δῆτ’·
1212 2237 1275 2323 ἐγὼ
1297 2237 1358 2324 γὰρ
1381 2236 1502 2310 αὐτὸς
1522 2233 1714 2324 ἐξελήλυθα,
1744 2236 1867 2306 Thesm.

278 2359 319 2424 do
340 2373 388 2440 sq.
405 2353 571 2440 Ἆγιίιλωνιέ
587 2381 643 2444 μοι
664 2354 755 2448 δοῦρ’
779 2357 947 2426 ἐκκάλεσον
969 2361 1055 2448 πάσῃ
1078 2358 1180 2450 τέχνῃ.
1204 2358 1289 2424 ΘΕΡ.
1302 2357 1403 2449 μηδὲν
1425 2357 1552 2424 ἱκέτευ’·
1574 2352 1697 2429 αὐτὸς
1714 2357 1776 2443 γὰρ
1792 2354 1869 2433 ἔξω·

276 2499 324 2544 σιν
353 2477 441 2568 τάχα.
486 2476 592 2558 Quare
618 2477 697 2546 mibi
725 2496 789 2546 uon
825 2478 951 2547 videtur
986 2497 1066 2562 opus
1093 2497 1163 2548 esso
1201 2497 1272 2547 cum
1301 2478 1336 2550 G.
1370 2480 1423 2548 Fr.
1454 2479 1636 2550 Hermanno
1668 2478 1791 2566 (Philol.
1820 2478 1872 2546 ΙΙΙ

274 2616 305 2684 p
329 2598 404 2684 512)
427 2597 568 2668 conicere
589 2604 647 2668 ant
668 2592 785 2666 αὐτοῦ
807 2603 865 2668 aut
886 2593 1031 2665 αὐτόσε
1052 2599 1253 2670 scribendum
1275 2617 1354 2668 esse.

378 2719 463 2788 Ante
484 2738 514 2788 v.
540 2722 623 2786 1091
653 2715 710 2794 τίς
738 2713 820 2784 tad’
848 2719 865 2782 ὁ
893 2717 1042 2784 κόπτων
1070 2719 1139 2809 τὴν
1174 2717 1316 2808 dipem
1350 2721 1455 2786 τοντλ
1484 2717 1520 2786 τέ
1544 2719 1603 2810 ἦνς
1636 2719 1811 2790 Meiuekius
1837 2725 1871 2788 et

275 2838 437 2926 Bequius
458 2839 604 2910 lacuutun
633 2837 791 2908 detexisse
818 2837 878 2907 sibi
904 2839 965 2908 risi
998 2845 1087 2922 suut,
1116 2840 1171 2909 nbi
1200 2859 1258 2926 ego
1286 2847 1374 2910 sarta
1401 2841 1491 2911 video
1522 2845 1616 2910 tecte.
1662 2840 1870 2926 suspicantur

276 2959 358 3028 enim
378 2965 454 3032 ante
475 2960 561 3028 bunc
583 2977 709 3028 versum
730 2977 826 3028 anum
855 2959 987 3030 rediisse
1016 2960 1091 3029 olim
1120 2961 1239 3032 diserte
1267 2963 1439 3032 indicatum
1467 2962 1575 3031 tuisse.
1620 2961 1713 3031 Unde
1735 2962 1868 3046 adparet

276 3093 330 3148 eos
358 3081 538 3165 putavisse,
566 3081 673 3150 omnic
700 3099 783 3166 quae
811 3081 885 3150 iude
913 3087 1098 3151 ss.1097
1126 3083 1209 3152 iuter
1233 3082 1397 3152 (larionem
1420 3089 1453 3152 et
1474 3084 1665 3153 Mercurium
1688 3101 1726 3150 sc
1756 3081 1869 3151 deindo

275 3197 359 3266 loris
379 3202 575 3275 sacerdotem
595 3208 734 3289 agontur
754 3202 807 3287 agi
827 3206 995 3288 proesente
1016 3201 1132 3272 vetula.
1164 3201 1228 3272 Sed
1243 3222 1313 3272 eam
1340 3203 1462 3272 tamdiu
1483 3209 1603 3272 mutam
1625 3203 1787 3272 adstitisse
1809 3222 1867 3286 pa·

275 3335 346 3386 rum
367 3320 531 3404 probabile
551 3341 621 3392 esse
642 3342 745 3408 neque
772 3323 943 3408 quidquam
971 3324 1100 3393 obstare
1126 3323 1267 3405 ridetur,
1296 3325 1464 3410 quominus
1492 3343 1564 3394 curu
1591 3323 1777 3408 Kappeynio
1806 3342 1868 3392 van

208 3493 214 3502 .
276 3439 316 3510 de
337 3437 503 3526 Coppelle,
524 3447 691 3531 postquam
714 3443 898 3530 chremylus
920 3445 1024 3516 verbis
1046 3463 1130 3531 quae
1150 3452 1225 3514 sunt
1247 3446 1299 3511 τὸν
1321 3444 1470 3524 ΠλοῦτονΥ
1483 3443 1546 3520 ἔξω
1569 3467 1614 3516 τις
1633 3443 1718 3508 ιιιίλοι
1739 3443 1867 3512 Plutum

275 3559 547 3648 mussitassent,
568 3565 706 3634 vetulam
727 3566 972 3651 interrogantem
995 3564 1058 3652 ἐγὼ
1080 3564 1116 3632 δὲ
1139 3563 1168 3633 τί
1187 3567 1282 3641 αοιιῒνι
1304 3565 1398 3632 simul
1419 3565 1532 3634 exiisse
1546 3580 1738 3633 censeamus.
1767 3563 1863 3634 Haud

277 3679 371 3750 ubter
390 3682 481 3752 uobis
502 3685 557 3769 qui
578 3685 660 3754 hanc
679 3685 818 3756 tabulam
838 3686 973 3774 legimus
988 3685 1188 3772 Chremylum
1207 3687 1241 3754 in
1264 3704 1410 3756 scaenam
1424 3685 1551 3771 prodire
1564 3685 1720 3756 iudicatur
1735 3703 1764 3754 r.
1784 3689 1865 3752 1172

273 3799 303 3867 ri
321 3798 355 3866 δ’
376 3800 458 3868 ἐστιν
479 3800 507 3870 ὦ
526 3803 683 3889 βέλτιστος
706 3808 818 3877 verbis

374 3923 497 3994 Rursus
517 3925 686 3998 incidimus
708 3928 742 3996 in
763 3946 836 3997 eum
857 3929 969 4012 locum,
992 3930 1031 3997 de
1053 3946 1115 4013 qno
1137 3929 1293 3999 Velseuus
1316 3929 1434 4013 optime
1455 3927 1588 3998 meritus
1609 3945 1680 3996 esso
1702 3925 1789 3996 risus
1805 3930 1863 3994 est

273 4044 372 4125 Quem
392 4044 551 4116 bominem
572 4047 786 4120 doctissimum
807 4049 897 4135 sequi
918 4066 1039 4134 nequeo
1063 4047 1169 4134 Symb.
1192 4049 1210 4114 I
1231 4070 1262 4135 p.
1286 4054 1346 4117 421
1370 4053 1444 4134 post
1458 4068 1487 4115 v.
1504 4049 1565 4116 207
1590 4043 1657 4114 αι’
1684 4045 1865 4135 ὠνόμασέ

272 4187 347 4250 μου
370 4167 437 4258 τὴν
458 4167 648 4256 πρόνοιαν
670 4169 821 4236 δειλίαν
842 4171 939 4242 verba
961 4171 1114 4241 excidisse
1136 4171 1358 4256 suspicantem,
1380 4170 1486 4255 qualia
1506 4170 1586 4238 haec
1606 4174 1697 4238 sunt:

663 4287 732 4356 ἀλλ’
755 4285 793 4356 ori
812 4291 921 4376 βλέπω
944 4291 1015 4380 γάρ,
1038 4291 1122 4358 ὥστε
1144 4296 1206 4358 τῶν
1228 4290 1315 4378 ἐμῶν
1337 4293 1472 4378 κρατεῖν,

273 4424 369 4492 quom
397 4409 601 4495 suspitionem
629 4411 805 4482 Meiueldus
835 4412 928 4480 illud.
954 4432 985 4497 p.
1015 4418 1076 4482 209
1106 4413 1331 4498 comprobarit.
1383 4410 1488 4480 Causa
1516 4411 1594 4480 haec
1623 4414 1681 4480 est.
1733 4409 1862 4478 Plutum

153 4543 160 4558 ·
272 4529 352 4599 velle
373 4529 460 4599 refici
480 4553 519 4600 ex
539 4551 568 4600 v.
590 4535 654 4600 200
675 4551 721 4618 sq.
744 4534 831 4608 ὅπως
853 4533 916 4619 ἐγὼ
939 4535 994 4624 τὴν
1016 4532 1144 4620 δύναμιν
1167 4535 1205 4624 ἣν
1226 4533 1317 4618 ὑμεῖς
1337 4553 1419 4620 φατε
1441 4529 1522 4624 ἔχειν
1541 4554 1584 4618 με
1607 4529 1723 4621 ταύτης
1746 4529 1858 4596 δεσπό-

271 4672 329 4740 rqr
348 4653 518 4742 γενήσομαι
538 4671 602 4722 non
628 4673 723 4740 posse
752 4655 880 4740 conligi,
909 4673 981 4724 cum
1009 4656 1088 4724 baec
1109 4656 1207 4724 rerba
1229 4653 1407 4722 timiditatis
1429 4653 1523 4738 plena
1545 4671 1615 4720 esse
1637 4673 1676 4722 ex
1698 4650 1856 4736 chrenyli

270 4791 422 4858 responso
444 4774 612 4860 adpareat;
634 4776 748 4846 deinde
769 4795 851 4861 quae
873 4775 1059 4862 chremylus
1080 4796 1109 4845 s.
1127 4780 1189 4844 110
1211 4777 1296 4844 dicat
1315 4771 1463 4860 βλέποντ’
1487 4773 1645 4850 ἀποδείξω
1661 4769 1693 4840 α’
1709 4771 1859 4862 ὀξύτερον

271 4893 325 4958 τοῦ
345 4893 491 4980 Acrato<
513 4899 589 4978 apta
609 4913 672 4965 non
694 4913 774 4981 esse,
795 4898 856 4966 uisi
877 4899 966 4983 prius
987 4897 1099 4966 Plutus
1122 4898 1239 4966 diserte
1261 4896 1300 4964 de
1322 4895 1475 4966 caecitate
1490 4913 1549 4963 sua
1566 4900 1697 4980 questus
1713 4895 1763 4962 sit.
1787 4894 1857 4963 Hoc

272 5031 385 5088 rereor
405 5035 446 5084 ne
468 5015 509 5086 sit
530 5015 615 5098 quod
637 5016 747 5086 dicunt
767 5018 884 5086 nodum
906 5019 938 5086 in
961 5019 1063 5102 scirpo
1085 5036 1253 5104 quaerere;
1278 5035 1351 5087 usur
1374 5017 1435 5086 etsi
1455 5018 1568 5086 Plutus
1595 5035 1635 5084 ne
1657 5015 1858 5178 ‹gogimvisset
