4708 5912
1072 585 1109 648 ul

294 804 337 866 με
359 781 459 866 λέγειν
481 781 502 846 ἃ
524 781 667 868 κρύπτειν
689 780 709 871 ἦ
733 781 1038 869 παρεσκευασμένος.
1084 785 1197 868 Itaque
1218 803 1246 851 v.
1271 788 1332 852 826
1355 785 1400 851 sic
1422 783 1487 854 fere
1509 787 1714 868 interpretor:
1749 788 1887 857 »scilicet

297 905 518 986 exhonorem,
542 908 579 970 ut
600 923 638 970 ex
658 903 769 972 babitu
791 907 847 970 tuo
869 904 1011 989 adparet,
1032 923 1163 973 numero
1187 926 1250 973 es«

399 1042 427 1091 v.
453 1029 514 1091 343
543 1024 719 1092 Meinekius
755 1025 928 1094 rectissime
955 1045 1025 1093 enm
1052 1027 1188 1110 Bergkio
1217 1031 1251 1094 et
1269 1026 1460 1113 {Kappeyne
1488 1029 1523 1118 νὴ
1553 1028 1627 1100 τοὺς
1654 1026 1751 1100 θεοὺς
1780 1029 1884 1096 verbis

296 1163 377 1228 quae
399 1149 549 1211 secuntur
570 1142 598 1209 ὦ
620 1143 794 1234 Βλεψίδημ’
818 1144 943 1232 ἄμεινον
965 1144 985 1236 ἢ
1002 1144 1083 1236 χδὲτ
1106 1150 1282 1234 πράττομεν
1305 1148 1492 1233 adsignavit,
1508 1169 1578 1216 cum
1594 1149 1775 1216 Dinderdus
1792 1151 1885 1217 etiam

296 1265 329 1332 in
351 1265 519 1332 novissima
541 1265 678 1334 editione
701 1266 893 1335 scenicorum
916 1272 1080 1350 poetarum
1104 1268 1260 1351 Lipsiensi
1283 1271 1462 1353 scripserit:

362 1473 367 1484 Ι
705 1383 772 1452 dil'
798 1386 890 1452 ου’δὲν
913 1387 1099 1475 ἀποκρύψας
1121 1388 1197 1476 ἐρῶ,
1221 1391 1257 1479 νὴ
1280 1390 1353 1460 τοὺς
1370 1388 1474 1461 δεούς.

297 1507 357 1577 Vix
378 1511 483 1575 mmen
504 1507 641 1576 dubitari
661 1511 775 1592 potest,
803 1509 878 1592 quin
902 1506 1087 1592 Obremylus
1110 1509 1234 1576 iurandi
1256 1508 1391 1577 formula
1412 1511 1530 1578 rectius
1551 1514 1669 1595 utatur,
1696 1511 1750 1578 nbi
1774 1529 1884 1578 novam

295 1628 470 1712 miramque
492 1627 650 1696 fortunam
673 1629 833 1697 incredulo
862 1627 1060 1711 Blepsideme
1089 1628 1231 1696 declarat
1256 1649 1350 1715 quam
1378 1631 1432 1697 ubi
1461 1650 1495 1697 se
1523 1631 1680 1698 dicturum
1710 1651 1779 1698 esse
1808 1632 1884 1698 nihil

299 1747 462 1838 celantem.
486 1749 525 1818 ci.
549 1749 675 1816 Timeel.
699 1747 785 1816 Com.
807 1747 858 1815 III
879 1768 909 1832 p.
935 1752 995 1814 596
1018 1745 1099 1832 οἶμαι
1121 1749 1316 1836 κακοδαίμων
1339 1751 1384 1823 ὡς
1406 1749 1481 1838 ἐρῶ.
1503 1752 1549 1838 μὰ
1572 1751 1645 1824 τοὺς
1668 1749 1771 1829 denec,
1801 1749 1884 1816 bdu-

296 1870 416 1957 μαίδος
437 1868 635 1936 οὐδεπώποτ’
655 1869 785 1960 ὴρᾶσδη
808 1873 919 1957 φαγεῖν
942 1868 1026 1934 οὕτω
1049 1870 1188 1958 σφόδρα.

399 2235 566 2320 incipienti
588 2234 664 2301 mibi
687 2233 726 2301 de
748 2233 841 2300 Pluto
869 2233 977 2300 fabula
1006 2234 1086 2302 hane
1115 2234 1410 2302 commentationem
1439 2232 1578 2301 criticam
1608 2233 1818 2317 conscribere,
1850 2240 1886 2301 ut

295 2358 390 2427 etiam
413 2357 475 2425 alie
497 2355 748 2425 emendationum
770 2371 887 2440 genera
908 2372 1123 2440 persequerer,
1147 2356 1343 2440 propositum
1365 2359 1443 2438 erat,
1467 2337 1548 2439 quae
1571 2375 1654 2423 nune
1676 2375 1715 2422 ne
1729 2357 1885 2440 patientie

295 2475 466 2564 legentium
489 2478 661 2562 chartaque
684 2455 798 2546 abutar
819 2478 851 2544 in
873 2495 1023 2559 praesens
1046 2477 1162 2544 omissa
1184 2477 1215 2542 in
1238 2481 1400 2560 posterum
1423 2481 1546 2558 tempus
1571 2477 1697 2544 differre
1719 2497 1756 2545 ac
1783 2478 1884 2546 tribus

294 2600 370 2669 loeis
398 2601 466 2682 ipse
488 2599 673 2668 emendandi
694 2598 869 2681 perieulum
892 2597 998 2664 subire
1020 2597 1112 2664 male.
1150 2597 1231 2664 Nam
1247 2602 1406 2666 crescente
1421 2598 1453 2662 in
1469 2617 1518 2665 me
1537 2597 1755 2682 Aristophanis
1771 2618 1884 2682 cogno-

293 2722 401 2791 scendi
422 2721 527 2789 studio
550 2721 751 2788 decrescebat
771 2719 911 2786 studium
934 2716 1113 2787 fabularum
1137 2719 1204 2786 eius
1232 2719 1471 2801 quibuscunque
1501 2719 1688 2787 coniecturis
1717 2722 1885 2787 emendan-

294 2842 419 2926 darum,
449 2861 519 2910 cum
540 2841 712 2910 identidem
733 2857 783 2908 me
804 2839 855 2907 vel
876 2839 954 2906 alios
976 2840 1117 2907 homines
1140 2840 1265 2908 criticos
1288 2840 1318 2906 in
1343 2840 1558 2924 excogitandis
1587 2840 1777 2908 coniecturis
1806 2841 1884 2908 tem·

293 2981 354 3044 pus
381 2964 527 3046 viresque
548 2963 722 3048 perdidisse
751 2981 788 3028 ex
823 2961 1022 3029 adcuratiore
1045 2966 1077 3029 et
1098 2962 1236 3046 pleniore
1257 2965 1369 3044 poetae
1392 2962 1441 3029 vel
1469 2962 1648 3046 aequalium
1677 2962 1743 3028 eius
1772 2961 1884 3028 notitia

295 3101 522 3165 cognoscerem.
557 3085 670 3169 Itaque
692 3089 729 3152 ut
750 3102 833 3151 nune
856 3101 894 3150 ex
917 3083 962 3149 eis
986 3083 1182 3162 coniecturis,
1205 3101 1286 3166 quae
1307 3083 1348 3149 ad
1364 3083 1490 3149 Plutum
1508 3082 1736 3149 emendandum
1752 3082 1883 3150 idoneae

295 3201 370 3267 mibi
392 3204 477 3270 visae
499 3209 581 3286 sunt
603 3223 778 3291 perpaucas
801 3209 923 3272 tantum
944 3205 1055 3288 dignas
1078 3223 1148 3272 esse
1169 3222 1295 3286 censeo,
1319 3223 1400 3288 quae
1422 3204 1454 3270 in
1476 3204 1578 3273 lucem
1603 3205 1754 3284 edantur,
1778 3204 1823 3270 ita
1845 3223 1884 3270 ne

293 3319 351 3388 has
373 3323 499 3406 quidem
521 3343 582 3391 non
605 3331 721 3409 metuo,
743 3345 784 3393 ne
806 3344 878 3392 mex
900 3327 966 3409 ipse
988 3325 1185 3394 reseraturus
1208 3326 1258 3392 vel
1281 3325 1376 3392 salsas
1400 3343 1469 3392 esse
1492 3325 1562 3391 aliis
1590 3342 1797 3392 concessurus
1813 3325 1880 3390 sim.

395 3443 442 3511 lle
461 3443 596 3527 primum
618 3447 744 3532 quidem
767 3463 847 3512 uuus
868 3447 956 3514 loeus
979 3451 1037 3528 est,
1060 3447 1115 3515 ubi
1138 3447 1274 3514 editores
1296 3451 1487 3513 structuram
1503 3466 1522 3513 a
1539 3447 1744 3528 grammatica
1759 3445 1881 3512 rationo

290 3581 401 3646 parum
424 3562 545 3632 firmam
566 3568 607 3634 ad
629 3585 726 3634 unum
748 3585 855 3636 omnes
877 3567 987 3636 tulisse
1009 3567 1100 3635 valde
1122 3569 1228 3633 miror.
1274 3567 1311 3636 V.
1335 3571 1397 3634 496
1421 3585 1467 3648 sq.
1492 3568 1573 3635 enim
1597 3567 1675 3635 baec
1698 3567 1873 3650 leguntur:-

955 3685 1034 3780 κᾷτα
1050 3690 1206 3780 ποιήσει

496 3807 615 3880 πάντας
630 3811 791 3899 χρηστοὺς
813 3812 861 3876 καί
884 3811 1152 3882 πλουτοῦντας
1173 3811 1274 3901 δήπου
1298 3813 1338 3877 τά
1359 3833 1392 3877 τε
1417 3809 1488 3876 θεῖα
1511 3811 1674 3896 σέβοντας.

291 3929 436 4014 Adparet
457 3926 656 4012 Chremylum
680 3932 756 3998 nihil
781 3933 936 4001 dicturum
960 3951 1029 4001 esse
1060 3932 1121 3999 nisi
1143 3931 1270 4000 Plutum
1300 3952 1407 4002 omnes
1436 3935 1551 4016 probos
1579 3931 1721 4000 homines
1749 3931 1880 4017 piosque

288 4048 446 4118 notorum
468 4067 537 4117 esse
559 4051 681 4119 divites.
732 4054 776 4121 At
802 4054 881 4121 haee
910 4059 1049 4122 nonest
1077 4073 1185 4124 eorum
1214 4055 1381 4123 verborum
1409 4055 1472 4148 via,
1500 4073 1582 4139 quae
1609 4072 1692 4120 nunc
1720 4053 1879 4138 leguntur.

286 4169 390 4234 Ποιεῖν
419 4169 501 4235 enim
524 4189 595 4238 eum
616 4171 781 4254 participio
805 4173 844 4240 de
867 4179 962 4257 poeta
985 4175 1111 4258 dieitur,
1134 4176 1188 4258 qui
1211 4176 1345 4258 aliquem
1369 4177 1420 4244 vel
1441 4177 1472 4242 in
1493 4180 1637 4261 poemate
1652 4175 1702 4242 uel
1716 4174 1749 4240 in
1765 4193 1879 4242 scaena

285 4290 405 4372 aliquid
427 4295 571 4373 agentem
594 4292 642 4360 vel
664 4294 731 4376 pati
753 4291 845 4377 iacit,
873 4293 918 4362 ita
941 4300 1062 4363 utnon
1085 4295 1237 4364 efficiendi
1259 4297 1316 4364 sed
1338 4295 1475 4382 fingendi
1499 4296 1546 4362 vis
1574 4296 1626 4362 illo
1657 4296 1752 4363 verbo
1780 4295 1877 4399 contis

285 4417 408 4492 nentur,
431 4416 467 4479 ut
490 4413 575 4495 apud
597 4414 762 4483 Platonem
783 4417 815 4484 in
838 4415 957 4500 Gorgia
981 4436 1012 4500 p.
1040 4421 1101 4484 525
1124 4418 1152 4483 D
1172 4419 1333 4506 μαρτυρεῖ
1350 4418 1387 4483 δὲ
1410 4418 1530 4489 τούτοις
1551 4419 1599 4483 καί
1613 4413 1765 4506 Ὅμηρος·
1787 4415 1875 4499 βοστ-

284 4531 359 4603 λέατ
379 4532 441 4620 γὰρ
464 4533 511 4598 καί
533 4533 692 4606 δυνάστας
713 4535 830 4608 ἐκεῖνος
851 4537 1041 4626 πεποίηκε
1064 4539 1136 4610 τοὺς
1158 4538 1191 4602 ἐν
1210 4535 1314 4604 Ἅιδου
1339 4539 1390 4603 τδν
1413 4539 1462 4604 ἀεί
1478 4538 1596 4629 χρόνον
1626 4535 1878 4624 τιμωρουμέ-

283 4675 393 4731 νους,
428 4653 580 4720 Τάνταλον
603 4659 652 4722 καί
673 4655 813 4745 Σίσυφον
837 4659 885 4723 καί
913 4657 1024 4724 Τιτυόν.
1054 4658 1204 4749 θερσίτην
1227 4659 1278 4738 δέ,
1303 4661 1351 4725 καὶ
1373 4659 1468 4732 εἴτις
1488 4659 1582 4730 ἄλλος
1604 4659 1740 4746 πονηρὸς
1763 4655 1801 4748 ἧν
1824 4656 1878 4722 ίδι-

284 4775 385 4864 ώτητ,
415 4773 519 4846 οὐδεὶς
540 4777 686 4867 πεποίηκε
706 4781 859 4863 μεγάλαις
880 4779 1041 4868 τιμωρίαις
1063 4780 1333 4873 συνεχόμενον
1355 4783 1401 4854 ὡς
1422 4781 1563 4861 ἀνίατον,
1593 4780 1634 4849 ad
1658 4797 1751 4862 quem
1773 4779 1876 4848 lecum

280 4893 419 4962 Oobetus
441 4895 480 4961 N.
503 4894 540 4961 L.
571 4915 602 4980 p.
627 4901 688 4967 637
717 4899 893 4969 rectissime
915 4901 1122 4970 conformavit
1144 4903 1223 4970 Xen.
1247 4903 1374 4971 Conviv.
1399 4909 1435 4988 8,
1459 4909 1508 4970 31.
1555 4905 1667 4985 Itaque
1690 4900 1730 4968 ad
1755 4902 1876 4991 ποιῄοει

279 5013 332 5082 illo
355 5015 440 5084 Pluti
461 5015 529 5090 loeo
551 5018 602 5086 vel
624 5019 814 5092 adiectivum
836 5011 1015 5092 addendum
1039 5028 1108 5092 erat
1130 5029 1166 5094 ut
1185 5044 1213 5091 v.
1235 5028 1297 5094 285
1320 5025 1358 5096 de
1379 5024 1460 5114 ὑμᾶς
1483 5024 1694 5170 adoraturae
1716 5021 1872 5111 ποιήσει

1677 5127 1692 5160 a
