4708 5912
1214 624 1232 684 2

426 827 523 910 igitur
545 845 655 893 uersus
677 826 904 892 numerandum
927 844 996 891 esse
1019 843 1130 892 censeo
1152 826 1399 891 Pluuialia«
1440 823 1520 888 Huic
1543 821 1754 900 coniecturae,
1777 821 1809 886 in
1832 838 1926 904 quam
1948 819 2020 904 ipse

423 947 561 1013 nondum
584 948 665 1014 lecto
679 947 880 1013 Heimreichii
901 946 1006 1013 libello
1022 947 1202 1022 incideram,
1224 965 1263 1012 en
1284 946 1362 1012 meis
1377 943 1647 1011 obseruationibus
1663 947 1881 1024 argumentum
1897 941 2014 1008 addere

424 1069 507 1136 licet.
536 1069 661 1136 Etenim
676 1089 738 1134 non
754 1069 880 1134 memini
895 1069 989 1135 ullius
1003 1067 1073 1148 loci,
1094 1069 1149 1135 ubi
1171 1067 1212 1131 ἐκ
1232 1066 1390 1130 δικαίου
1405 1070 1442 1132 ut
1455 1066 1488 1131 in
1503 1065 1561 1131 boc
1577 1082 1685 1130 versu:
1709 1063 1778 1126 ουίι
1799 1061 1840 1126 ἐκ
1862 1060 2015 1126 δικαίου

424 1191 488 1252 τδν
514 1187 599 1271 βίον
628 1188 865 1277 κεκτημένοι
893 1189 1011 1256 dictum
1040 1191 1081 1255 sit
1109 1208 1166 1272 pro
1195 1187 1235 1251 ἐκ
1265 1189 1331 1251 τοῦ
1360 1185 1534 1266 δικαίου,
1563 1185 1647 1268 quod
1668 1184 1785 1266 legitur
1807 1183 1891 1268 apud
1912 1183 2015 1266 ipsum

422 1309 663 1392 Aristophanem
685 1310 742 1375 hv.
770 1314 850 1375 1433
873 1328 919 1393 sq.

874 1429 937 1494 ἀλλ’
961 1427 1042 1494 ἔστιν
1065 1430 1161 1516 ἕτερα
1184 1430 1219 1518 νὴ
1242 1428 1290 1492 Δί’
1313 1427 1391 1516 ἔργα
1415 1429 1579 1514 σώφρονα,

874 1548 934 1639 ἀφ’
957 1551 1002 1616 ὧν
1025 1551 1133 1640 διαζῆν
1156 1550 1257 1638 ἄνδρα
1274 1554 1357 1639 χρῆν
1381 1547 1542 1613 τοσουτονί

874 1673 915 1737 ἐκ
937 1677 1002 1738 τοῦ
1025 1671 1179 1736 δικαίου
1199 1671 1317 1758 μᾶλλον
1339 1669 1359 1760 ἢ
1382 1670 1585 1758 δικορραφεῖν

429 1801 462 1864 et
484 1797 517 1862 in
539 1815 669 1863 numero
691 1795 806 1878 plurali
829 1793 914 1861 Nub.
940 1800 1021 1860 1115
1045 1794 1118 1863 τοὺς
1141 1793 1246 1880 κριτὰς
1267 1791 1296 1857 δ’
1323 1792 1343 1855 ἃ
1373 1792 1585 1879 κερδανοῦσιν,
1614 1790 1651 1881 ἢν
1680 1815 1707 1855 τι
1729 1789 1819 1855 τόνδε
1840 1786 1892 1856 τδν
1915 1786 2013 1881 χορδν

425 1913 574 2004 ὠρελιιῖσ’
598 1917 641 1980 έκ
663 1925 713 1980 roi
724 1941 739 1980 ν
759 1915 966 1998 δικαίων*),
985 1918 1067 1998 apud
1080 1915 1206 1998 Lysiam
1225 1920 1274 1996 19,
1291 1919 1309 1980 9
1326 1913 1543 1997 κινδυνεύομεν
1566 1914 1637 2000 περὶ
1658 1912 1702 1976 ὧν
1725 1914 1754 1976 ol
1777 1911 1923 1999 πρόγονοι
1944 1913 2013 1999 ἡμῖν

425 2037 584 2102 κατέλιπον
606 2039 846 2126 κτησάμενοι
868 2036 909 2101 ἐκ
931 2041 995 2102 τοῦ
1019 2036 1184 2116 δικαίου,
1222 2035 1306 2118 apud
1328 2035 1566 2117 Xenophontem
1588 2035 1621 2100 in
1644 2033 1783 2101 Anabasi
1805 2034 1831 2116 I,
1855 2038 1884 2117 9,
1910 2037 1948 2098 16
1972 2031 2016 2104 είς

424 2181 460 2240 γε
479 2160 542 2247 μὴν
564 2157 757 2246 δικαιοσύνην
781 2156 812 2222 εί
835 2182 879 2230 τις
900 2157 991 2244 αὐτῷ
1014 2158 1153 2244 φανερὸς
1173 2156 1291 2241 γένοιτο
1316 2153 1545 2221 ἐπιδείκνυσθαι
1566 2154 1776 2240 βουλόμενος,
1807 2155 1877 2240 περὶ
1904 2155 2017 2225 παντὸς

424 2277 557 2343 ἐποιεῖτο
582 2279 710 2350 τούτους
732 2279 981 2366 πλουσιωτέρους
996 2283 1092 2342 ποιεῖν
1115 2283 1177 2342 τῶν
1199 2277 1241 2342 ἐκ
1263 2281 1329 2341 τοῦ
1352 2275 1490 2341 ἀδίκου
1513 2274 1790 2364 φιλοκερδούντων,
1813 2277 1854 2344 ib.
1870 2281 1908 2342 19
1932 2277 1960 2340 ελ
1981 2275 2018 2339 δέ
2060 2347 2064 2356 ,

426 2423 491 2465 τινα
514 2395 607 2488 ὁρῴη
631 2401 732 2466 δεινὸν
755 2395 832 2466 ὄντα
855 2399 1014 2484 οἰκονόμον
1036 2399 1078 2464 ἐκ
1099 2403 1164 2464 τοῦ
1194 2398 1348 2464 δικαίου
1371 2400 1432 2462 κτλ.
1462 2399 1575 2467 Oecon.
1600 2405 1628 2476 7,
1654 2403 1692 2464 15
1714 2399 1801 2468 ὅπως
1823 2398 1864 2462 τά
1883 2420 1918 2462 τε
1940 2390 2017 2464 ὄντα

427 2522 473 2590 ὡς
492 2521 640 2604 βέλτιστοι
662 2521 726 2594 ἕξει
746 2522 794 2584 καί
815 2519 892 2584 dha
914 2521 959 2584 ὅτι
983 2521 1108 2584 πλεῖστα
1131 2519 1173 2584 ἐκ
1200 2522 1266 2584 τοῦ
1296 2520 1412 2584 καλοῦ
1442 2522 1504 2583 καὶ
1533 2518 1686 2584 δικαίου
1709 2519 1955 2607 προσγενὴσεται
1977 2517 2016 2583 cf.

425 2640 538 2725 Cyrop.
565 2643 658 2724 VIII,
684 2649 710 2722 1,
734 2646 774 2707 26
797 2643 940 2712 καὶτοῖς
968 2641 1080 2712 ἄλλους
1108 2635 1191 2728 ᾤετ’
1222 2641 1260 2706 ιῖν
1284 2646 1345 2705 τῶν
1365 2641 1424 2726 μὲν
1446 2642 1585 2732 αίσχρῶν
1607 2640 1730 2728 κερδῶν
1752 2637 1933 2730 ἀπέχεσθαι,
1956 2638 2017 2703 διὰ

425 2765 491 2826 τοῦ
514 2762 668 2828 δικαίου
691 2758 721 2826 δ’
745 2759 865 2827 §deleo
888 2760 1079 2849 πορίζεσθαι.
1102 2764 1189 2830 Haec
1205 2763 1381 2830 observatio
1404 2763 1471 2829 sola
1492 2763 1569 2829 milri
1584 2763 1766 2846 scrupulum
1780 2761 1886 2828 iniecit
1908 2761 1947 2826 de
1962 2760 2017 2826 illo

424 2902 534 2963 uersu,
569 2902 663 2965 quem
697 2884 780 2968 quod
809 2884 973 2951 Rauennas
1007 2885 1112 2951 omisit
1140 2903 1178 2950 ea
1212 2904 1247 2951 re
1273 2885 1399 2951 minime
1435 2905 1493 2969 ego
1522 2904 1663 2965 moveor,
1692 2885 1807 2968 quippe
1835 2884 1889 2965 qui
1917 2901 2018 2966 neque

425 3006 639 3072 Rauennatem
661 3023 763 3088 neque
785 3007 940 3072 Venatum
962 3011 1082 3072 ceteros
1105 3005 1226 3073 codices
1249 3011 1313 3072 tam
1335 3007 1427 3088 longe
1457 3027 1608 3091 superare
1631 3011 1790 3074 vetustate
1818 3012 1850 3073 et
1877 3005 2017 3072 bonitate

427 3128 578 3204 fontium,
605 3133 642 3193 ut
663 3147 682 3193 a
705 3133 843 3195 totorum
865 3147 1014 3195 versuum
1041 3129 1213 3195 recentium
1242 3128 1483 3212 interpolatione
1512 3128 1571 3194 soli
1598 3128 1712 3194 liberos
1738 3145 1772 3194 se
1793 3125 2016 3210 praestiterint

423 3266 611 3332 persuasum
632 3248 765 3314 habeam
787 3248 896 3330 itaque
917 3249 968 3315 hic
989 3267 1099 3315 uersus
1122 3255 1159 3315 ut
1180 3249 1212 3314 in
1236 3250 1419 3316 Muennate
1441 3249 1643 3316 intercideret
1667 3267 1728 3315 non
1753 3247 1853 3331 magis
1875 3246 2015 3314 dubitem

424 3371 502 3453 quin
524 3387 599 3436 casu
621 3367 739 3437 factum
761 3370 803 3436 sit
824 3389 918 3452 quam
941 3387 1034 3454 quem
1050 3370 1183 3437 Bothius
1206 3370 1380 3437 eiciendum
1403 3372 1524 3437 cenauit
1546 3389 1574 3436 v.
1593 3375 1653 3436 712
1677 3366 1741 3436 ΓΥ.
1755 3365 1925 3449 λέδινον;
1947 3367 2016 3432 ΚΑ.

422 3489 476 3574 ρὰ
497 3485 548 3552 Δί’
571 3489 613 3553 ου’
636 3489 722 3578 δῆτ’
744 3489 819 3580 οὐχὶ
841 3489 880 3554 τό
902 3514 944 3574 γε
967 3491 1155 3573 κιβώτιον,
1178 3509 1269 3573 quem
1284 3509 1409 3558 uersum
1424 3496 1547 3557 tantum
1563 3491 1654 3558 abest
1667 3495 1704 3556 ut
1718 3487 1834 3572 frigere
1849 3489 2015 3557 concedam

430 3615 467 3675 ut
488 3610 678 3693 lepidissime
699 3610 774 3675 mihi
797 3609 942 3677 uideatur
970 3610 1109 3678 mulieris
1140 3610 1344 3677 diffidentiam
1374 3610 1582 3696 callidumque
1606 3609 1748 3677 Oarionis
1770 3609 1931 3677 refellendi
1952 3615 2015 3676 stu·

426 3727 513 3796 dium
536 3736 631 3814 atque
657 3731 752 3797 huius
774 3731 816 3797 ad
844 3731 999 3798 eludendo
1027 3731 1165 3813 pericula
1193 3733 1327 3815 prodere
1349 3733 1576 3800 dexteritatem.
1629 3734 1814 3817 Quanquam
1844 3731 2016 3799 editoribus

425 3869 454 3916 v.
479 3855 537 3917 281
562 3853 655 3916 ὅτου
673 3852 791 3941 χάριν
818 3851 855 3938 ρ’
879 3854 896 3915 ὁ
918 3852 1120 3941 δεσπότης
1141 3855 1159 3916 ὑ
1182 3855 1249 3924 σὸς
1271 3853 1432 3942 κέκληκε
1458 3853 1578 3940 δεῦρο
1600 3854 1832 3922 secludentibus
1854 3853 2014 3917 Muenna·

379 3977 394 4010 ·
427 3977 491 4036 tem
513 3975 546 4038 et
567 3972 722 4039 Venatum
751 3971 884 4039 eundem
912 3973 1091 4040 omittentes
1113 3974 1199 4040 haud
1228 3973 1488 4042 contemnendum
1516 3974 1666 4042 auxilium
1694 3973 1775 4042 ferre
1803 3973 2017 4040 lubentissime

427 4093 578 4178 conced03
604 4093 750 4159 nimirum
776 4095 808 4160 in
836 4094 1025 4161 deteriorum
1049 4095 1190 4163 codicum
1214 4095 1426 4180 cuiuscunque
1449 4095 1562 4162 aetatis
1584 4097 1752 4180 archetypo
1780 4094 1867 4160 illurn
1889 4111 2016 4160 uersum

427 4234 465 4280 ex
489 4235 518 4280 u.
542 4218 605 4280 260
627 4215 761 4298 primum
784 4217 952 4299 repetitum
975 4235 1044 4282 esse
1066 4217 1143 4283 satis
1166 4216 1313 4285 credibile
1335 4225 1392 4284 est.

513 4337 649 4404 Omnino
678 4343 784 4404 autem
813 4338 982 4405 cavendum
1013 4343 1074 4414 est,
1105 4357 1144 4404 ne
1171 4339 1291 4406 codices
1319 4345 1486 4423 postquam
1508 4339 1562 4404 diu
1585 4337 1723 4421 despecti
1744 4339 1913 4421 iacuerunt
1934 4355 2017 4404 nuno

428 4457 460 4523 in
482 4441 612 4560 clariore
634 4456 703 4524 lucc
726 4459 879 4525 conlocati
900 4478 958 4525 nos
980 4459 1158 4527 obcaecant.
1193 4459 1284 4539 Quod
1306 4461 1477 4542 periculum
1500 4459 1528 4526 is
1550 4459 1683 4526 feliciter
1705 4459 1845 4536 evitabit,
1867 4459 1921 4540 qui
1943 4457 2018 4542 quid

430 4579 582 4662 cuiusque
604 4579 664 4646 loci
686 4584 801 4647 natura
822 4581 928 4663 exigat
949 4580 981 4645 id
1004 4581 1200 4663 potissimum
1222 4583 1360 4665 qnaerit;
1383 4585 1458 4649 sunt
1472 4599 1546 4648 vero
1568 4579 1622 4665 qui
1639 4580 1756 4647 auxilia
1768 4581 1876 4646 critica
1891 4579 2019 4663 diligen-

432 4701 495 4767 tius
526 4701 710 4785 perquirant
732 4720 826 4786 quam
848 4703 986 4770 auctoris
1007 4703 1104 4772 uerba
1132 4709 1164 4771 et
1193 4703 1379 4771 emendandi
1401 4701 1505 4769 studio
1528 4703 1651 4787 abrepti
1673 4702 1840 4770 dummodo
1863 4701 1980 4786 aliquid
2002 4720 2021 4766 a

498 4959 524 5026 l)
542 4959 638 5012 Plumli
655 4959 774 5014 mbmrlue
792 4961 862 5014 deest
883 4960 1003 5016 Menand.
1020 4981 1105 5031 guam.
1129 4963 1276 5016 monostich.
1303 4965 1351 5019 196
1375 4961 1449 5031 ζήτει
1472 4961 1634 5032 συναγαγεῖν
1653 4959 1688 5012 21
1713 4960 1854 5013 sillaim
1878 4959 1924 5012 ῒῦν
1948 4957 2018 5026 aa»,

430 5061 535 5132 Lyeurg.
552 5081 593 5133 sp.
612 5064 682 5118 sub.
700 5067 743 5128 94,
764 5067 795 5120 l'i
813 5063 846 5114 οὐ
863 5064 894 5116 τδ
913 5065 1037 5117 πλουτεῖν
1057 5067 1146 5129 καλόν,
1163 5066 1230 5120 ἀλλὰ
1248 5067 1280 5119 rb
1298 5067 1327 5118 ἐκ
1345 5065 1456 5118 καλῶν
1475 5065 1610 5119 πλουτεῖν.
