4708 5912
1264 601 1305 665 34

1180 683 1384 696 —ffl

488 801 662 870 fortissime
691 821 872 886 repugnans
900 802 1038 884 intellegi
1065 803 1174 884 possit,
1205 821 1268 870 nnn
1293 821 1424 887 possum
1457 802 1636 886 adversari,
1672 802 1858 885 praesertim
1884 825 1957 875 cum
1985 825 2082 893 supra

488 942 516 987 ν.
540 927 602 988 422
625 923 735 990 eadem
757 928 826 989 arte
847 921 1059 990 refecerimus.
1105 922 1168 990 Sed
1190 922 1300 992 dnbitn
1322 943 1363 991 an
1385 943 1423 992 ex
1444 943 1505 991 usu
1528 923 1664 1006 quodam
1686 924 1853 1006 communi,
1876 927 1966 993 cuius
1986 930 2081 995 vesti·

486 1043 539 1125 gia
559 1043 650 1109 nobis
671 1041 758 1108 nulla
779 1043 897 1109 tradita
925 1061 995 1110 esse
1023 1043 1185 1126 videntur,
1213 1044 1379 1126 genetivus
1407 1061 1470 1111 non
1498 1043 1606 1110 addite
1635 1042 1712 1115 ἄκος
1731 1045 1782 1112 vel
1810 1045 1904 1112 simili
1926 1048 2080 1116 vacabulo

489 1166 662 1246 usurpatus
684 1166 735 1230 sit.

589 1283 660 1349 Non
694 1283 810 1351 certior
841 1283 931 1350 crisis
965 1289 1014 1350 est
1046 1284 1086 1352 de
1122 1283 1257 1362 lacunis,
1293 1300 1373 1366 quas
1412 1290 1484 1367 post
1515 1303 1544 1350 r.
1580 1289 1642 1352 766
1670 1292 1704 1353 ec
1731 1291 1793 1354 696
1822 1287 1997 1356 Meineirius
2028 1290 2081 1358 de·

488 1403 604 1470 texisse
627 1403 688 1471 sibi
709 1404 795 1470 uisus
818 1409 876 1471 est.
914 1405 994 1470 Nam
1017 1404 1081 1471 illic
1103 1406 1162 1472 etsi
1184 1425 1248 1473 nnn
1268 1405 1395 1474 uidetur
1411 1427 1449 1474 ex
1467 1406 1572 1474 uerbis
1589 1424 1672 1489 quae
1687 1413 1840 1476 secuntur
1861 1409 1891 1473 ol
1912 1404 1943 1474 d’
1956 1409 2081 1498 ᾐκολού-

487 1521 566 1588 riona
589 1522 712 1587 κατόπιν
735 1523 988 1610 ἐστεφανωμένοι
1010 1525 1166 1608 γελῶντες
1187 1525 1402 1614 εὐφημοῦντες
1422 1528 1601 1595 necessario
1624 1528 1845 1612 conligendum
1866 1543 1938 1596 0060
1959 1535 2081 1597 ceteros

487 1651 625 1712 maestes
648 1645 773 1725 abiisse,
797 1665 834 1714 ac
856 1647 883 1713 si
905 1647 1064 1728 abierunt,
1086 1647 1119 1713 id
1142 1653 1255 1732 poetae
1277 1648 1405 1715 disertis
1428 1649 1533 1716 verbis
1560 1649 1764 1717 indicandum
1790 1649 1899 1733 fuisse,
1920 1655 2027 1719 tamen
2048 1651 2082 1718 id

486 1765 603 1849 optime
624 1764 692 1833 fieri
715 1771 748 1834 et
769 1766 802 1832 in
823 1766 966 1834 codicum
988 1767 1145 1850 scriptura
1162 1769 1227 1852 ripn
1242 1768 1439 1836 abundanter
1459 1769 1501 1836 ad
1516 1766 1763 1856 ἐσιοθρώιιαζον
1778 1769 1920 1838 additum
1937 1789 2007 1839 esse
2023 1792 2082 1841 nec

488 1887 565 1954 satis
587 1894 683 1968 recte,
706 1888 739 1953 id
761 1888 846 1973 quod
868 1907 925 1971 ego
954 1889 1058 1956 Ztsch.
1081 1887 1102 1954 i.
1125 1889 1155 1955 d.
1179 1887 1290 1972 Gymn.
1313 1889 1374 1954 XX
1395 1907 1425 1972 p.
1450 1893 1513 1955 224
1535 1889 1629 1973 roiui,
1653 1889 1694 1957 ad
1717 1891 1839 1968 πάντες,
1862 1892 1947 1974 quod
1962 1893 1996 1959 iu
2010 1892 2080 1958 door

487 2005 575 2092 latet
597 2007 708 2076 referri
730 2008 963 2076 concedendum
984 2014 1042 2077 cst.
1086 2010 1169 2076 Ante
1184 2027 1213 2074 v.
1230 2012 1291 2074 697
1311 2008 1409 2093 μετὰ
1431 2011 1546 2074 τοῦτο
1568 2005 1601 2074 δ’
1623 2008 1695 2099 ἤδη
1718 2009 1779 2074 καὶ
1800 2010 1958 2094 γέλοιον
1979 2012 2084 2102 δῆτά

487 2151 521 2194 τι
543 2147 618 2196 uero
639 2128 759 2211 aliquid
780 2129 976 2197 intercidisse
998 2131 1057 2197 etsi
1078 2129 1254 2213 praefracte
1274 2129 1385 2214 negari
1405 2148 1469 2196 nen
1490 2133 1604 2214 potest,
1627 2135 1732 2199 tamen
1760 2130 1837 2198 milri
1867 2150 1983 2217 parurn
2010 2153 2081 2220 prn-

486 2249 590 2332 batur‚
614 2268 684 2317 cum
706 2251 786 2317 bene
806 2270 827 2317 a
848 2256 945 2335 poeta
965 2269 1017 2318 res
1038 2251 1084 2318 ita
1105 2251 1252 2318 instituta
1275 2269 1345 2318 esse
1374 2250 1529 2331 rideatur,
1552 2254 1589 2317 ut
1610 2248 1704 2318 Cario
1734 2253 1885 2319 nmrandi
1907 2255 2014 2323 studio
2035 2257 2081 2324 in·

486 2369 602 2437 citatus
624 2375 791 2454 postquam
814 2372 856 2438 ad
878 2371 1018 2438 mulieris
1039 2373 1161 2438 anxiam
1177 2371 1393 2455 quaestionem
1417 2371 1601 2439 brevissime
1615 2372 1787 2454 respondit,
1802 2374 1912 2441 statim
1926 2379 2078 2459 tanquam

486 2489 564 2558 nihil
584 2492 798 2559 intercesserit
818 2495 940 2576 pergat.
973 2491 1008 2558 C.
1030 2493 1083 2558 Fr.
1106 2493 1315 2572 Hermannns,
1338 2491 1393 2575 qui
1415 2495 1490 2558 ante
1509 2490 1699 2558 Meinelrinm
1722 2492 1755 2558 in
1776 2492 1919 2563 hocloco
1934 2495 2080 2565 haeserat

486 2616 519 2678 et
539 2629 598 2693 pro
620 2610 681 2700 ἤδη
704 2611 903 2679 scribendum
925 2617 1135 2696 proposuerat
1156 2608 1235 2701 ἦλθε
1256 2609 1307 2678 rel
1331 2607 1390 2700 ᾔει,
1421 2616 1553 2696 propter
1579 2613 1660 2678 hanc
1680 2611 1781 2696 ipsam
1805 2632 1932 2683 causam
1954 2617 2077 2693 errarit,

487 2730 572 2817 quod
593 2749 656 2799 non
678 2732 842 2814 intellexit,
865 2751 893 2798 v.
918 2736 979 2800 696
1012 2733 1045 2798 in
1072 2732 1262 2815 parenthesi,
1290 2736 1328 2798 ut
1352 2731 1399 2797 ita
1420 2731 1531 2815 dicam,
1553 2731 1693 2815 positum
1722 2751 1809 2814 esse;
1843 2735 1885 2801 de
1912 2734 1973 2823 ἤδη
2002 2751 2074 2802 vern

483 2853 565 2939 μετὰ
592 2853 683 2918 τοῦτο
706 2853 879 2936 excipiente
901 2851 939 2920 cf.
962 2852 1075 2920 Derar.
1106 2853 1146 2920 de
1172 2868 1275 2935 graec.
1303 2851 1400 2936 lingu.
1428 2857 1510 2935 part
1539 2851 1588 2919 ed
1611 2849 1707 2920 Rintz
1732 2850 1767 2919 ΙΙ
1788 2873 1818 2938 ρ.
1841 2857 1901 2922 603
1923 2872 1970 2940 sq.
1998 2854 2075 2922 Har·

486 2979 574 3057 rung.
598 2972 616 3037 1
636 2994 667 3058 p.
691 2978 764 3040 aas.

588 3095 694 3160 Etiam
723 3093 929 3161 confidentius
951 3111 1048 3177 supra
1069 3093 1251 3177 negavimus
1274 3092 1445 3177 Bergkinm
1474 3095 1548 3176 post
1575 3111 1604 3160 u.
1632 3097 1696 3159 450
1727 3111 1855 3161 rersnm
1885 3093 2080 3163 intercidime

486 3220 573 3284 recte
606 3216 799 3300 suspicatum
840 3233 919 3282 esse.
964 3215 1044 3282 Item
1083 3215 1179 3282 verbu
1208 3214 1343 3280 monitos
1370 3212 1442 3279 rclo
1481 3213 1536 3296 qui
1567 3211 1650 3280 ferte
1687 3213 1850 3297 legerunt,
1884 3231 1967 3299 quae
2009 3215 2081 3283 clim

486 3337 521 3402 in
543 3336 639 3404 Libro
666 3335 866 3404 miscellaneo
896 3355 995 3418 supra
1021 3339 1263 3404 commemorato
1285 3352 1315 3417 p.
1340 3337 1382 3400 60
1403 3351 1450 3416 sq.
1482 3333 1636 3414 disserui¹
1664 3351 1714 3402 me
1743 3353 1806 3402 nou
1834 3334 1897 3402 ianr
1924 3337 1957 3402 in
1978 3335 2081 3404 laeum

486 3476 597 3524 versus
620 3461 692 3539 281,
719 3475 813 3541 quern
841 3457 882 3522 ab
910 3457 1065 3523 hocloco
1092 3455 1228 3522 alienum
1257 3473 1327 3522 esse
1356 3453 1420 3520 iam
1449 3452 1594 3530 uidimus,
1624 3452 1719 3520 alium
1742 3457 1981 3538 supponendum
2002 3473 2074 3524 esse

489 3595 626 3646 censere.
671 3578 753 3646 Nam
781 3595 844 3662 quo
873 3595 950 3644 usus
977 3595 1063 3644 eram
1086 3579 1281 3659 argumento,
1309 3574 1395 3659 quod
1424 3574 1547 3659 φράσαι
1573 3573 1704 3640 verbum
1734 3592 1763 3641 u.
1787 3574 1850 3641 080
1877 3593 1986 3644 carere
2014 3595 2078 3644 nnn

487 3697 748 3782 persecutricem,
772 3697 839 3764 eins
861 3695 1027 3764 infirmitas
1048 3697 1150 3764 elucet
1172 3715 1210 3762 ex
1232 3695 1309 3763 iocis
1330 3692 1483 3762 similibus
1504 3692 1605 3760 uelut:
1632 3713 1663 3759 r.
1687 3695 1725 3760 61
1750 3711 1796 3777 sq.
1820 3694 1892 3759 ἀλλ’
1915 3697 1946 3762 εἴ
1966 3719 1994 3762 τι
2009 3697 2081 3787 χαί-

486 3839 558 3904 ρεις
580 3815 698 3904 ἀνδρὸς
719 3816 850 3904 εὐόρκου
874 3816 1009 3904 τρόποις,
1038 3815 1107 3902 ἐμοὶ
1128 3817 1301 3904 φράσον,
1327 3833 1356 3882 v.
1379 3818 1420 3882 65
1442 3815 1533 3902 εἰμὴ
1556 3815 1732 3901 φράσεις
1758 3817 1832 3903 γάρ,
1862 3815 1925 3880 ἀπό
1954 3813 1991 3881 σ’
2018 3818 2081 3882 ὀλῶ

489 3939 582 4002 κακὸν
605 3941 717 4009 κακῶς.

591 4060 669 4127 Post
688 4080 718 4126 r.
744 4064 826 4126 1163
848 4058 1024 4127 Meinckius
1044 4059 1137 4126 Vind.
1160 4076 1190 4141 p.
1215 4062 1277 4124 225
1300 4056 1461 4140 complura
1484 4055 1636 4124 excidisse
1658 4055 1773 4138 conligi
1794 4073 1887 4139 posse
1908 4061 2017 4124 censet
2042 4075 2081 4126 cx

490 4199 520 4246 r.
546 4184 638 4262 1170,
661 4180 716 4246 ubi
739 4179 833 4248 Cario
862 4180 1020 4248 Mercurio
1049 4178 1133 4247 dicat
1160 4199 1219 4263 ορο
1247 4177 1351 4265 epicau-
1378 4189 1454 4242 cata
1476 4175 1552 4242 lava
1572 4176 1608 4240 ιἰι
1626 4189 1733 4264 palen,
1755 4173 1925 4243 1110601101
1948 4187 1977 4242 lc
1999 4176 2082 4244 dra.

490 4300 640 4364 κονιιιὸν
663 4322 729 4366 ease
756 4297 915 4381 oatcndm,
942 4318 1025 4381 quac
1053 4298 1131 4366 nihil
1159 4298 1277 4365 faciani
1304 4297 1346 4365 ad
1372 4298 1516 4382 ἀγώνιον.
1561 4294 1607 4366 Ac
1637 4297 1821 4366 confirmare
1848 4297 1948 4366 videri
1977 4298 2082 4380 suspi-

490 4421 608 4490 tionem
630 4439 723 4488 suam
744 4439 806 4488 non
829 4422 921 4489 modo
945 4419 991 4488 eis
1013 4438 1094 4503 quae
1116 4437 1145 4486 v.
1178 4422 1260 4485 1166
1286 4417 1433 4503 legantur
1460 4417 1632 4506 ἐξηύρηκεν
1659 4417 1749 4504 αὐτῷ
1773 4417 1903 4501 βιότιον,
1933 4433 2079 4502 quaeque

488 4543 542 4608 rix
562 4543 685 4627 possint
706 4542 747 4611 de
768 4561 805 4610 eo
827 4541 900 4622 dici,
922 4541 977 4624 qui
999 4559 1034 4608 se
1055 4539 1269 4624 gynmicerum
1291 4543 1325 4608 et
1346 4538 1538 4606 musicorum
1562 4538 1708 4605 ludorum
1730 4536 1908 4620 praesidem
1923 4555 1992 4606 esse
2006 4554 2079 4622 pro·

489 4659 592 4730 fessus
614 4661 719 4740 fuerit,
741 4662 798 4730 sed
819 4663 915 4730 etiam
934 4680 963 4727 v.
994 4665 1075 4728 1168
1104 4659 1214 4724 οὐκοῦν
1244 4658 1293 4724 ἐπὶ
1315 4653 1436 4729 τούτοις
1460 4655 1557 4733 εἰσίοι,
1587 4676 1669 4742 quae
1696 4657 1794 4725 verba
1814 4657 1856 4725 011
1878 4657 2077 4728 condiclones

493 4783 659 4852 reserenda
673 4783 746 4866 sint,
760 4783 820 4852 sub
835 4783 950 4866 quibus
965 4783 1142 4852 Mercurius
1156 4799 1191 4849 sc
1205 4781 1383 4848 minanam
1396 4777 1464 4848 inre
1478 4778 1639 4862 prora-us
1652 4777 1758 4846 luerit
1782 4780 1830 4846 Ex
1844 4780 1895 4847 nis
1916 4795 2082 4863 argumen-

491 4905 534 4971 tis
555 4904 588 4972 id
610 4905 808 4989 potissimum
837 4905 974 4988 conlige,
1002 4903 1160 4972 hominem
1187 4903 1403 4971 doctissimum
1431 4899 1526 4966 huius
1551 4899 1611 4966 loci
1640 4901 1829 4967 sententiam
1857 4915 1919 4967 uun
1949 4915 2081 4982 prarsm

490 5025 675 5096 adsecutum
696 5043 775 5094 esse.
820 5023 914 5094 Caria
935 5024 968 5093 id
990 5026 1065 5110 agit
1086 5029 1125 5092 at
1145 5023 1336 5094 Mercurium
1357 5021 1417 5092 aab
1437 5019 1551 5090 idoneo
1571 5018 1697 5089 nemine
1718 5019 1751 5090 iu
1774 5017 1934 5103 curemus
1954 5017 2081 5088 domurn
