4708 5912
1237 623 1278 686 10

457 825 519 892 νλιλ.
543 823 691 892 Memekii
713 824 956 891 adnotationem.
1002 821 1064 892 Sed
1086 824 1179 894 homo
1202 825 1402 893 doctissimus
1425 823 1542 892 oblitus
1565 839 1635 890 esse
1657 822 1782 890 ridetur
1805 821 1878 906 Lys.
1904 828 1965 890 384
1987 823 2046 890 loci

456 945 587 1030 abipso
609 947 654 1014 sie
677 946 801 1031 scripti:

952 1066 1042 1154 ἄρδω
1065 1066 1099 1132 α’
1122 1068 1211 1140 ὅπως
1232 1067 1548 1154 ἁρβλαστανεῖς,

457 1208 528 1256 cum
548 1189 621 1258 libri
644 1187 887 1275 ἀναβλαστάνρς
901 1186 1077 1254 exhibeant.
1114 1189 1302 1257 Emendatio
1325 1195 1375 1258 est
1387 1189 1515 1272 Reisigii
1532 1187 1670 1256 Coniect.
1687 1209 1717 1273 p.
1737 1192 1777 1255 39
1793 1187 1927 1273 probata
1951 1188 2048 1256 etiam

459 1310 595 1394 Bergln'o
618 1314 651 1376 et
671 1309 807 1392 Engero,
830 1307 892 1375 nisi
906 1307 992 1390 quod
1014 1308 1047 1374 bi
1070 1310 1301 1379 coniunctiuum
1323 1277 1467 1395 servant3
1489 1308 1670 1377 Dindorsrus
1685 1309 1879 1378 Brunckium
1901 1310 1942 1377 ad
1964 1310 2046 1377 Piut.

457 1435 519 1497 453
551 1435 678 1498 secutus
710 1427 747 1494 dv
768 1428 952 1517 βλαστάνῃς
973 1428 1108 1515 scripsit.
1144 1427 1249 1503 Ὅπως
1273 1433 1481 1500 coniunctioni
1504 1430 1589 1497 finali
1618 1449 1688 1498 cum
1711 1431 1906 1499 coniunctivo
1929 1431 2047 1498 Aristo-

457 1551 576 1636 phanes
605 1550 723 1620 addere
755 1551 836 1620 soiet
864 1551 901 1616 ἂν
929 1552 1130 1636 particulam,
1160 1570 1255 1634 quam
1276 1552 1383 1620 omisit
1405 1555 1432 1619 si
1454 1554 1534 1621 bene
1558 1553 1685 1620 memini
1708 1552 1831 1621 duobus
1853 1552 1930 1620 locis
1953 1553 2045 1636 Vesp.

461 1677 543 1739 1525
571 1673 678 1744 ὅπως
706 1672 826 1744 ἰδόντες
854 1672 920 1737 ἄνω
951 1673 1063 1744 σκέλος
1090 1671 1241 1748 ὤζωσιν
1270 1675 1298 1737 ολ
1328 1671 1441 1738 θεαταί
1468 1680 1500 1741 et
1521 1674 1604 1742 Eccl.
1633 1680 1691 1740 117
1719 1675 1826 1746 ὅπως
1852 1674 2046 1762 προμελε-

459 1794 644 1884 τήσωμεν
672 1795 742 1859 ἁκεῖ
760 1794 812 1859 δεῖ
829 1793 937 1878 λέγειν.
984 1794 1046 1862 Sed
1069 1813 1108 1861 ne
1131 1793 1279 1862 Meinekii
1302 1794 1429 1878 quidum
1456 1794 1597 1863 totamm
1624 1796 1664 1863 ab
1693 1813 1752 1862 usu
1774 1801 1886 1880 poetae
1908 1796 2044 1864 alienum

458 1919 524 1994 est,
552 1915 598 1982 ita
626 1920 662 1981 ut
692 1915 732 1982 de
759 1914 818 1982 hoo
847 1914 916 1982 loco
945 1915 1084 1983 dubitem
1110 1915 1218 2000 possit.
1264 1915 1327 1984 Sed
1355 1919 1429 1982 utut
1455 1915 1513 1982 boc
1541 1921 1590 1984 est
1617 1916 1710 1984 Pluto
1732 1917 1891 1985 corbana
1913 1916 2046 1985 formam

459 2033 627 2121 ιλρβλέψας
648 2036 799 2103 donemus
821 2035 906 2102 nulla
928 2053 1024 2103 causa
1045 2042 1108 2112 est;
1131 2055 1204 2104 nam
1225 2036 1399 2104 rectissime
1427 2036 1602 2104 Meinekius
1627 2035 1720 2104 Vind.
1743 2058 1773 2123 p.
1799 2043 1877 2106 213:
1913 2039 2048 2126 »βλέψαι

457 2156 529 2240 plus
550 2157 646 2224 semel
670 2157 749 2224 dixit
771 2157 997 2240 Aristophanes
1020 2158 1059 2224 de
1081 2157 1183 2238 Pluto,
1206 2157 1260 2225 ubi
1275 2156 1369 2224 etiam
1392 2154 1568 2242 ἀναβλέψαι
1583 2157 1644 2226 dici
1658 2159 1792 2241 potuit«
1832 2161 1923 2240 Quod
1938 2169 2044 2228 autem

457 2261 567 2362 ipse'l.
590 2275 611 2343 λ.’
635 2279 766 2346 coniecit
788 2279 915 2361 παοςλ,
938 2297 978 2346 ne
994 2278 1052 2348 bac
1074 2278 1201 2361 quidem
1223 2278 1440 2346 emendatione
1462 2296 1542 2362 opus
1565 2282 1622 2347 est.
1666 2276 1762 2342 Παύω
1786 2279 1878 2359 enim,
1902 2283 1963 2347 etsi
1983 2282 2048 2364 ple-

461 2417 595 2482 rumque
617 2400 685 2466 eius
711 2399 852 2480 actionis,
876 2399 927 2467 cui
949 2398 1019 2466 finis
1041 2400 1222 2484 imponitur,
1251 2399 1357 2484 aliqua
1386 2399 1571 2484 significatio
1592 2399 1733 2481 additur,
1762 2399 1920 2467 interdum
1942 2406 2047 2468 tamen

459 2519 553 2588 etiam
575 2537 742 2604 personam
763 2495 923 2605 regittali
945 2519 1175 2604 significatione
1191 2522 1307 2589 omissa
1323 2527 1360 2589 ut
1374 2522 1454 2607 Equ.
1479 2528 1541 2590 330
1564 2523 1601 2592 ὅς
1622 2545 1667 2586 σε
1689 2519 1834 2586 παύσει
1856 2523 1905 2585 καλ
1925 2523 2048 2608 πάρεισι

463 2645 496 2708 et
517 2640 589 2709 Pac·
614 2647 673 2708 921
695 2633 937 2728 Ὑπέρβολόν
961 2665 995 2706 τε
1018 2641 1176 2714 παύσας.
1222 2644 1310 2723 Quae
1332 2662 1403 2710 cum
1420 2643 1466 2710 ita
1481 2644 1554 2724 sint,
1579 2642 1691 2732 ταύτην
1711 2643 1838 2729 βλέψας
1855 2643 1952 2710 rerba
1969 2644 2047 2710 satis

461 2763 582 2829 munita
604 2769 689 2847 puto.
734 2764 848 2830 Restat
869 2763 993 2828 παύσαι.
1037 2764 1204 2831 Ravemas
1227 2767 1342 2829 παῦσαι
1364 2763 1499 2846 exhibet,
1516 2762 1656 2832 Venetus
1678 2763 1792 2846 aliique
1815 2763 1935 2829 παύσει.
1979 2763 2048 2830 Ηοα

462 2891 651 2969 receperunt
672 2884 848 2952 Meinelrius
871 2890 903 2952 et
924 2885 1138 2969 Kappeynius,
1163 2883 1277 2950 παύσω
1299 2885 1453 2969 Bergkius
1482 2891 1516 2954 et
1536 2883 1725 2953 Dindorfius.
1772 2885 1849 2950 Mihi
1872 2885 1930 2950 toti
1952 2884 2046 2951 huius

463 3005 525 3073 loci
547 2981 727 3074 structurae
741 3007 841 3090 magis
863 3007 1030 3075 convenire
1044 3004 1170 3074 videtur
1184 3006 1354 3089 optativus,
1377 3007 1467 3074 cuius
1489 3005 1746 3074 inanescentem
1762 3005 1893 3074 formam
1907 3007 1940 3073 in
1956 3005 2049 3073 Pluto

463 3125 539 3193 ferri
560 3145 653 3212 posse
675 3147 746 3196 cum
769 3127 924 3197 Meinelrio
947 3145 1134 3214 persuasum
1154 3127 1271 3209 babeo;
1306 3145 1487 3210 quanquam
1508 3147 1589 3213 nego
1616 3127 1785 3198 Velsenum
1806 3131 1893 3196 recte
1915 3145 1944 3194 v.
1971 3129 2052 3192 1136

461 3263 507 3331 sq.
531 3248 711 3334 scripsisse:

865 3369 896 3436 εἴ
910 3395 965 3457 μοι
987 3368 1174 3457 πορίσαις
1195 3369 1291 3457 ἄρτον
1314 3366 1369 3436 τιν’
1394 3367 1430 3435 εὖ
1453 3369 1650 3456 πεπεμμένον

865 3492 953 3582 δοίης
976 3515 1013 3558 πε
1036 3493 1225 3579 καταφαγεῖν
1248 3516 1281 3556 τι
1303 3491 1401 3579 κρέας
1422 3491 1560 3557 νεανικόν

462 3629 520 3699 pro
543 3612 677 3701 πορίσας
698 3647 740 3663 ···
761 3612 850 3702 δοίης
871 3615 1061 3700 καταφαγεῖν
1083 3615 1131 3678 καὶ
1154 3612 1250 3701 κρέας
1270 3632 1299 3678 v.
1324 3612 1461 3698 Symbol.
1484 3613 1559 3697 phil.
1584 3614 1682 3680 Bonn.
1716 3613 1776 3697 Ip.
1793 3614 1867 3681 419.
1910 3608 2050 3677 Proximo

465 3753 539 3804 vero
560 3734 667 3802 versui
688 3735 826 3802 omnium
853 3734 994 3804 codicum
1022 3735 1187 3803 lectionem
1209 3729 1302 3824 ἥντιν’
1325 3733 1458 3815 reddidi,
1480 3732 1565 3816 quod
1586 3734 1827 3802 Hemstcrbusio
1850 3734 1928 3800 duce
1958 3731 1990 3796 in
2012 3729 2050 3816 ἢν

466 3879 511 3926 τις
530 3861 730 3924 mutauerant
751 3855 907 3940 Bergkius
929 3855 1105 3923 Meinehius
1128 3853 1307 3922 Dindorbus
1329 3853 1540 3938 Kappeynius.

568 3979 614 4046 Ut
635 3997 709 4046 vero
739 3978 779 4046 ad
801 3978 996 4063 propositum
1018 3977 1195 4059 redeamus,
1217 3997 1246 4044 ν.
1262 3981 1325 4042 400
1347 3975 1432 4060 quod
1453 3974 1614 4043 Bentleius
1638 3971 1678 4040 od
1698 4000 1743 4062 σῳ
1765 3973 1843 4040 falso
1866 3969 2051 4048 coniecerat,

465 4095 547 4167 bano
575 4099 741 4168 lectionem
762 4099 824 4167 huc
852 4119 914 4167 non
942 4099 1100 4184 pertinere
1128 4099 1273 4183 adparet,
1305 4116 1375 4165 cum
1405 4095 1441 4161 od
1464 4115 1483 4163 a
1507 4119 1551 4184 πῳ
1583 4097 1772 4164 disiunctum
1793 4089 2052 4175 interrogativum

466 4221 530 4288 uim
561 4220 723 4304 babeat.*)
775 4221 833 4289 His
865 4221 962 4306 igitur
996 4221 1073 4290 locis
1100 4220 1252 4304 exemptis
1285 4225 1318 4287 et
1346 4219 1542 4304 Megarensis
1577 4218 1681 4286 verbis
1718 4216 1794 4283 heb.
1824 4219 1886 4281 aba
1916 4211 2054 4295 exceptis

467 4341 500 4408 in
532 4342 672 4412 iambicis
713 4345 865 4412 trimetris
904 4351 937 4412 ct
970 4343 1161 4412 tetrametris
1202 4340 1410 4426 anapaesticis
1445 4363 1491 4412 τις
1520 4339 1717 4408 indefinitum
1754 4341 1826 4422 post
1859 4332 1895 4398 od
1929 4332 1979 4400 sel
2008 4331 2054 4418 μή

469 4483 531 4532 non
559 4463 734 4540 inuenitur,
767 4465 828 4532 nisi
856 4466 910 4534 ubi
936 4483 1008 4533 cum
1030 4463 1153 4554 χαίρειν
1185 4463 1281 4531 uerbo
1311 4463 1512 4531 coniunctum
1540 4460 1693 4530 formulae
1714 4465 1861 4526 naturam
1882 4454 1994 4534 induit,
2017 4458 2055 4518 ut

470 4585 546 4653 Acb.
571 4591 633 4654 563
661 4581 727 4652 ἀλλ’
751 4581 795 4652 οὔ
816 4609 847 4650 τι
869 4585 1021 4676 χαίρων
1044 4587 1139 4650 ταῦτα
1162 4583 1308 4674 πολμῆσει
1330 4581 1430 4668 λέγειν
1455 4603 1493 4650 ex
1519 4585 1641 4652 Beodei
1667 4581 1863 4662 coniectura,
1893 4577 1935 4645 ad
1960 4593 2054 4661 quem

471 4707 576 4774 locum
593 4707 761 4776 Elmslciua
783 4705 887 4776 adfert
901 4709 995 4791 Vesp.
1021 4711 1081 4776 186
1106 4701 1195 4776 Οὖτις
1212 4705 1259 4791 ρὰ
1281 4705 1334 4769 τὸν
1356 4704 1404 4768 Δί’
1427 4701 1474 4769 od
1494 4727 1528 4770 ιι
1544 4703 1748 4795 χαιρήσων
1771 4725 1808 4787 γε
1830 4699 1879 4784 od,
1895 4699 1973 4766 Ran.
1992 4699 2055 4763 843

542 4916 566 4980 ')
583 4915 638 4968 Hac
655 4916 687 4969 do
704 4933 780 4969 canu
796 4933 828 4970 na
846 4911 880 4967 οὔ
898 4913 927 4966 τί
941 4931 992 4968 πον
1010 4915 1112 4983 quidem
1130 4913 1238 4968 formula
1255 4911 1431 4980 interrogativa
1448 4913 1490 4966 hic
1506 4915 1532 4966 in
1544 4929 1648 4966 connum
1661 4911 1735 4974 renit,
1748 4911 1781 4964 de
1792 4928 1842 4978 qua
1854 4905 1965 4962 conferre
1982 4911 2056 4973 poten

470 5002 530 5054 Pac.
551 5003 614 5059 1211
634 4999 667 5054 οὔ
684 5001 779 5056 πέπον
802 5001 889 5074 λοφᾷς
911 5013 938 5056 et
959 5003 1018 5072 Lyn.
1036 5003 1088 5060 354
1112 4997 1145 5054 οὔ
1162 4997 1192 5053 τί
1206 5018 1257 5054 παν
1276 4997 1374 5053 πολλαὶ
1390 5000 1520 5062 δοκοῦμεν
1545 4995 1614 5049 sivae
1638 5007 1664 5052 at
1680 4997 1806 5052 Kockium
1824 4995 1857 5048 ad
1872 4993 1936 5046 Rau.
1953 4989 2004 5046 522
2023 4985 2056 5038 od

471 5085 501 5138 τί
515 5103 565 5140 πον
583 5085 702 5158 σπονδὴν
721 5089 815 5154 ποιεῖς,
833 5097 860 5144 ot
876 5087 946 5144 maei.
965 5089 1016 5146 ’156
1034 5085 1072 5141 od
1089 5105 1120 5142 τι
1136 5089 1179 5158 μὴ
1194 5083 1297 5158 Ἱέρωνι
1315 5087 1354 5156 τῷ
1370 5085 1465 5158 κήρυκι
1483 5084 1592 5154 πομπὴν
1611 5083 1747 5152 πέμπτης
