4708 5912
1288 594 1328 656 14

516 800 557 867 ab
577 800 676 865 altero
698 799 911 879 interrogatus
934 801 997 878 est,
1026 801 1294 878 pertentantem
1324 798 1476 865 enuntiati
1504 797 1587 880 porti
1615 798 1760 879 opponit,
1789 819 1825 879 γε
1853 799 2010 865 constanti
2040 819 2100 866 usu

516 920 633 986 omittis
647 918 684 987 cf.
708 937 736 983 v.
756 923 812 983 lll
834 917 887 1002 μὰ
908 915 959 979 Δί’
982 914 1060 982 ἀλλ’
1077 920 1305 996 ἁπαξάπαντες,
1328 938 1358 985 v.
1372 923 1454 985 1008
1467 919 1519 1003 μά
1533 917 1587 982 Δί’
1602 918 1698 982 ἀλλὰ
1713 921 1770 1006 τῆς
1784 923 1895 1007 φωνῆς
1904 919 2002 1004 μόνον
2017 919 2103 1009 ἐμῶν

516 1040 655 1116 ἀκοῦσαι,
677 1035 757 1121 Equ.
775 1043 815 1104 85
836 1039 888 1124 μά
910 1035 960 1102 Δί
985 1037 1062 1103 ἀλλ’
1087 1039 1222 1126 ἄκρατον
1245 1039 1328 1104 οῖνον
1351 1036 1473 1123 ἀγαθοῦ
1496 1039 1654 1124 δαίμονος,
1676 1039 1759 1106 Nub.
1779 1041 1857 1105 1291
1880 1040 1931 1124 μὰ
1952 1037 2003 1104 Δί’
2019 1038 2102 1105 ἀλλ’

514 1159 594 1250 ἴσκγν,
610 1163 704 1242 Vesp.
724 1166 783 1226 173
803 1159 854 1246 μά
876 1157 924 1223 Δί’
950 1157 1027 1224 ἀλλ’
1052 1161 1186 1247 ἄμεινον,
1211 1167 1271 1228 297
1285 1161 1337 1246 μὰ
1358 1159 1410 1223 δί’
1434 1155 1513 1223 ἀλλ’
1538 1160 1677 1248 ἰσχάδας,
1701 1158 1994 1246 Processere?
2022 1160 2102 1225 ἀλλ’

516 1281 548 1346 ἐν
572 1282 679 1370 εἰρήνῃ
703 1281 860 1365 διαγαγεῖν
884 1282 935 1347 τάν
956 1279 1037 1364 βίον.

616 1403 654 1468 V.
680 1403 893 1486 subtegitur:

780 1523 860 1612 ἀτάγο
883 1525 938 1614 οδγ
960 1523 1051 1614 ἧττόν
1072 1522 1100 1608 γ’
1125 1523 1216 1588 οὐδὲν
1240 1523 1372 1600 κλαύσει,
1394 1522 1494 1611 μηδὲν
1518 1521 1613 1610 ταύτῃ
1636 1544 1672 1605 γε
1693 1523 1835 1612 κομήσῃς

514 1649 678 1714 Βοιειιιιιιε
701 1663 758 1729 pro
781 1647 872 1736 ἧττον
894 1647 1020 1714 exhibet
1042 1648 1163 1735 ἥττονα,
1181 1647 1320 1712 Venetus
1342 1642 1371 1728 γ’
1396 1644 1520 1712 omittit.
1565 1641 1669 1708 Etiam
1691 1643 1840 1712 hocloco
1862 1652 1895 1712 ct
1909 1647 2100 1716 Ravennatis

514 1769 601 1833 varia
625 1767 756 1834 lectione
779 1774 812 1834 et
833 1785 890 1835 suo
912 1768 1037 1850 ingenio
1060 1768 1178 1834 ebusus
1201 1785 1271 1834 esse
1293 1765 1419 1833 videtur
1442 1765 1613 1848 Rergkius,
1635 1782 1706 1832 eum
1728 1765 1881 1834 scriberet
1902 1766 2036 1838 sortasse
2057 1769 2101 1838 le·

514 1889 649 1971 gendum
673 1907 756 1956 esse:

922 2010 1005 2097 ἀτὰρ
1028 2007 1085 2098 οάγ
1106 2010 1255 2098 ἧττονά
1277 2005 1306 2092 γ’
1329 2009 1450 2098 ἧτταν
1473 2006 1597 2072 κλαύσει
1620 2008 1692 2085 κτλ,

514 2149 607 2215 quam
629 2129 829 2198 artificiosam
852 2130 1017 2199 lectionem
1040 2148 1102 2196 non
1124 2148 1235 2196 vereor
1256 2147 1296 2195 ne
1318 2129 1388 2212 quis
1411 2128 1542 2212 simplici
1565 2129 1706 2197 codicum
1727 2130 1926 2212 praelaturus
1942 2133 2102 2222 sitneque

514 2254 617 2320 extitit
639 2253 742 2321 adbuc
764 2253 817 2336 qui
839 2251 1022 2335 praeferret.

617 2374 667 2440 Ad
688 2394 717 2441 v.
735 2379 795 2441 582
820 2373 936 2443 δΖεδς
958 2372 1059 2462 δήπου
1083 2371 1216 2447 πένεται,
1239 2371 1288 2434 καί
1310 2366 1394 2434 τοῦτ’
1418 2370 1478 2458 ἤδη
1502 2373 1654 2457 φανερῶς
1675 2393 1713 2435 σε
1735 2371 1854 2447 διδάξω
1870 2375 2048 2445 Meinekius
2070 2379 2101 2445 in

515 2496 651 2566 editione
673 2496 820 2563 eunome:
846 2492 1062 2566 »ἀποδείξω
1085 2493 1258 2560 Porsonus:
1282 2515 1325 2557 σε
1347 2492 1495 2567 διδάξειν
1517 2493 1598 2576 libri,
1620 2498 1655 2560 at
1676 2493 1795 2568 διδάξω
1810 2495 1868 2561 Rc
1904 2498 2022 2566 Verum
2045 2505 2099 2577 est,

512 2620 725 2684 Ravennatem
748 2617 848 2683 solum
872 2616 985 2682 omisso
1008 2638 1047 2678 σε
1068 2614 1215 2682 exhibere
1238 2614 1372 2692 διδάξω,
1403 2617 1487 2682 undc
1509 2619 1613 2682 tomen
1636 2616 1687 2682 rix
1715 2617 1866 2684 auxilium
1893 2621 1958 2702 peti
1985 2621 2098 2704 poterit

512 2740 661 2807 Persouo.
699 2736 900 2817 Meinekinm,
922 2739 975 2818 qui
998 2735 1155 2810 ἀποδείξω
1176 2736 1303 2820 recepit,
1325 2736 1482 2821 Bergkins
1497 2756 1560 2804 non
1576 2742 1703 2804 secutus
1718 2744 1776 2821 est,
1799 2740 1950 2808 sedidem
1965 2739 2095 2806 fortusse

512 2859 679 2943 legendum
702 2875 771 2924 csse
793 2857 963 2924 adnotavit.
1003 2857 1107 2923 Ceteri
1128 2858 1238 2941 legunt
1261 2880 1299 2920 σε
1321 2857 1451 2934 διδάξω,
1474 2858 1662 2943 scripturam
1676 2861 1868 2942 praeclaram
1883 2858 1919 2927 ci.
1936 2861 2014 2940 Equ.
2032 2863 2091 2924 779

512 2982 558 3050 ὡς
579 2977 611 3043 δ’
635 2980 701 3068 ον’γῖ
723 2980 807 3065 φιλεῖ
825 2976 858 3042 α’
883 2975 952 3040 οὐδ’
978 2974 1043 3042 ἔστ’
1068 2976 1187 3054 εὔνοος,
1212 2975 1296 3043 τοῦτ’
1322 2979 1398 3043 atro
1421 3001 1458 3043 σε
1480 2980 1776 3074 πμῶταδιδάξω,
1806 2982 1883 3047 Nub.
1909 2984 1970 3046 369
1996 2979 2094 3064 μεγά·

514 3101 580 3171 λαις
602 3099 639 3163 δέ
662 3103 698 3162 o’
720 3098 783 3183 ἐγὼ
807 3099 946 3187 σημείοις
967 3099 1042 3164 αὐτὸ
1065 3098 1229 3176 διδάξω,
1255 3105 1316 3168 385
1339 3101 1400 3164 ἀπὸ
1423 3103 1538 3165 σαυτοῦ
1561 3101 1624 3185 ’γάι
1647 3125 1685 3166 σε
1707 3102 1868 3178 διδάξω,
1897 3100 1952 3168 ubi
1973 3099 2094 3176 διδάξω

511 3240 641 3307 prorsus
669 3240 707 3288 ex
736 3225 896 3289 oratorum
924 3240 1012 3288 more
1039 3221 1156 3286 dictum
1184 3225 1231 3288 est
1259 3220 1297 3286 ci.
1325 3221 1437 3287 Aesch.
1463 3219 1601 3305 ctesiph.
1632 3226 1673 3289 24
1704 3220 1788 3287 ταῦτ’
1817 3219 1878 3310 ἤδη
1907 3223 2097 3309 πειράσομαι

513 3344 593 3428 ὑμᾶς
614 3341 816 3406 διδάσκειν
840 3341 958 3406 ἐκτῶν
981 3341 1139 3430 δημοσίων
1161 3343 1364 3427 γραμμάτων,
1387 3341 1428 3408 ib.
1454 3345 1493 3408 32
1516 3343 1564 3406 καὶ
1586 3341 1679 3407 τοῦδ’
1702 3344 1783 3427 ὑμᾶς
1803 3341 1967 3418 διδάξω,
1989 3344 2031 3411 ib.
2054 3349 2090 3410 41

512 3463 574 3547 ἐγὼ
590 3431 741 3537 Ιδιδάξια
765 3463 845 3548 ὑμᾶς
867 3462 1025 3549 πμοειπών
1047 3462 1115 3529 sim.

614 3583 651 3648 V.
677 3589 735 3650 641
762 3585 858 3651 ceteri
880 3583 1002 3652 codices
1025 3582 1090 3670 ἀρ’
1120 3582 1283 3663 exhibent,
1312 3583 1479 3650 Beronum
1508 3589 1541 3651 et
1561 3585 1701 3654 Venetus
1730 3581 1809 3669 ἀμά
1834 3583 1879 3669 γ’.
1928 3585 2095 3652 Praetereo

512 3707 597 3774 solus
626 3706 789 3772 Ravennns
818 3704 1065 3788 ἀγγέλλεται,
1095 3705 1192 3772 ceteri
1219 3722 1327 3772 omncs
1358 3704 1529 3790 ἀγγελεῖ
1581 3708 1659 3774 Inde
1690 3705 1865 3774 Meinckius
1894 3706 2094 3790 Kappeynius

514 3823 694 3892 Dindorfius
718 3824 782 3911 ἆρ’
806 3824 1049 3909 ἀγγέλλεται,
1072 3826 1272 3893 Thierschins
1296 3825 1371 3912 ἀρά
1384 3828 1418 3908 γ’
1434 3829 1604 3910 ἀγγελεῖ,
1626 3828 1783 3911 Berglss'us
1799 3826 1858 3914 ἀμ’
1874 3826 2093 3910 ἀπαγγελεῖ.

511 3947 703 4014 Ravennatis
726 3951 758 4013 et
779 3945 891 4012 Veneti
913 3948 1085 4013 eommunis
1107 3947 1197 4014 lectio
1221 3947 1340 4014 serveri
1363 3951 1482 4030 potest,
1504 3951 1530 4014 si
1553 3951 1637 4031 qued
1659 3951 1700 4018 eb
1723 3950 1865 4017 omnibns
1887 3953 2013 4031 praeter
2033 3949 2093 4013 Ra·

510 4075 675 4136 vennetenr
698 4067 857 4136 codicibus
879 4085 918 4133 ne
940 4067 1061 4134 Veneto
1084 4067 1209 4151 quidem
1232 4073 1361 4151 excepto
1389 4069 1478 4136 nobis
1507 4068 1648 4137 obfertnr
1677 4069 1805 4154 ἀγγελεῖ
1831 4069 1938 4138 future
1967 4075 2095 4153 recepte

512 4208 581 4257 cum
604 4189 784 4258 Thierschio
807 4189 985 4256 scribimus:

962 4308 1005 4380 τίς
1026 4311 1045 4398 r>
1067 4310 1131 4400 βοή
1155 4312 1226 4375 ποτ’
1250 4309 1332 4376 ἐστίν
1337 4336 1349 4396 ,·
1372 4311 1438 4400 ἀρά
1459 4313 1492 4397 γ’
1515 4313 1640 4397 ἀγγελεῖ

957 4427 1097 4519 γμκγστάν
1119 4453 1161 4514 τι,·

511 4555 600 4622 Hnuc
627 4555 815 4634 scripturam
845 4569 991 4634 egenen
1021 4569 1091 4618 cum
1113 4550 1294 4620 Tbierscbio
1322 4555 1367 4620 sic
1395 4555 1601 4638 interpretor,
1630 4561 1666 4622 ut
1691 4555 1757 4644 βοή
1784 4552 1842 4621 sed
1870 4558 1908 4619 ut
1930 4553 2095 4621 Curionem

513 4675 639 4758 ἀγγελεῖ
659 4673 748 4740 verbi
770 4672 946 4739 subiectum
969 4691 1038 4739 esse
1059 4672 1176 4755 dicere
1199 4674 1343 4741 nimirum
1367 4695 1435 4758 era,
1457 4693 1539 4760 quae
1560 4677 1667 4744 stetim
1690 4675 1779 4742 audit
1801 4691 1836 4742 se
1858 4674 2042 4742 iamdudum
2063 4675 2095 4740 in

516 4795 608 4862 domo
631 4795 792 4862 sedentem
809 4793 972 4861 Curionem
995 4801 1168 4878 expectere,
1190 4795 1284 4863 huius
1305 4813 1405 4878 usque
1425 4815 1544 4866 memor
1563 4798 1603 4865 de
1623 4817 1660 4866 eo
1675 4797 1816 4881 loquitur
1830 4797 1955 4862 nomine
1969 4793 2093 4860 omisso.

507 4912 696 4998 ’ἀγγέλλεται
717 4915 820 4982 minus
842 4915 953 4998 ploret.
992 4913 1116 4982 Clamor
1138 4917 1221 4984 enim
1243 4935 1313 4984 cum
1337 4919 1475 4986 extiterit
1496 4938 1624 4989 necesse
1639 4921 1682 4987 sit
1697 4926 1770 5002 post
1783 4919 1928 4986 nuntium
1943 4914 2094 4996 adlatum,

511 5036 637 5103 mulieri
659 5035 685 5101 si
707 5036 832 5120 quidem
856 5037 949 5105 debet
971 5035 1096 5119 passivo
1119 5037 1164 5104 uti
1187 5043 1243 5105 out
1265 5038 1428 5106 dicendum
1451 5059 1520 5108 esse
1542 5041 1683 5109 videtur:
1708 5041 1767 5128 ἀρ’
1790 5037 1952 5129 ἧγγελτατ,
1981 5041 2037 5102 ent
2058 5054 2093 5104 so
