4708 5912
1234 583 1254 645 8

449 791 631 874 συμφορᾶς,
655 789 682 850 οί
702 787 761 872 μὲν
783 785 891 876 ἐχθροί
913 785 1085 874 ἐφηδονταί
1101 812 1170 872 μοι,
1193 790 1221 851 ol
1244 787 1280 850 δὲ
1303 786 1383 874 φίλοι
1406 785 1589 872 προσιόντες
1609 785 1876 871 συμβουλεύουσιν
1899 784 2040 851 ἐκποδὼν
2146 787 2150 796 “

449 905 528 997 ἔχειν
551 907 702 993 ἐμαυτόν,
728 909 773 996 μη
799 931 825 971 τι
848 909 896 970 καί
916 905 1009 970 πάθια
1033 908 1090 971 ὑπό
1120 911 1193 982 σοῦ,
1223 910 1275 978 ὡς
1302 907 1538 997 ἠδικηκότος
1563 907 1657 992 ἐμοῦ
1682 909 1824 992 μεγάλα,
1854 907 1908 974 ubi
1935 913 2040 974 tamen

449 1029 586 1112 genetivi
607 1029 742 1096 absoluti
764 1030 804 1094 ad
820 1029 1018 1095 enuntiatum
1033 1029 1225 1112 primarium,
1248 1030 1337 1094 cuius
1353 1029 1527 1095 subiectum
1543 1034 1595 1095 est
1610 1031 1638 1091 oi
1652 1027 1745 1115 φίλοι,
1768 1028 1880 1097 referri
1897 1033 2039 1110 possunt

449 1151 509 1216 Pro
532 1151 725 1225 accusativo,
748 1150 801 1232 qui
825 1149 865 1215 ad
888 1151 1063 1218 subiectum
1087 1152 1257 1218 accusativi
1280 1170 1351 1216 curn
1372 1149 1526 1217 infinitivo
1549 1151 1720 1218 constructi
1742 1151 1915 1232 pertineat,
1944 1167 2040 1231 gene-

450 1271 506 1336 tivi
528 1270 664 1338 absoluti
686 1271 834 1354 leguntur
856 1271 934 1337 Xen.
957 1272 1057 1337 Anah.
1082 1270 1148 1351 ΙΙΙ,
1172 1275 1208 1352 2,
1232 1275 1272 1337 29
1297 1271 1473 1356 νομίζοντες
1500 1267 1597 1335 όντων
1624 1271 1682 1356 μὲν
1713 1275 1774 1335 τῶν
1804 1269 1963 1360 ἀρχόντων
1991 1271 2039 1333 καί

451 1393 558 1480 ημῶν
581 1391 829 1476 πειθομένων
853 1392 976 1461 ίκανοδς
998 1391 1074 1456 εῖναι
1096 1393 1180 1479 ημᾶς
1202 1389 1419 1478 περιγενέσθαι
1442 1400 1488 1478 τῷ
1512 1391 1637 1480 πολέμῳ
1660 1398 1694 1458 el
1713 1393 1773 1474 VI,
1796 1397 1830 1474 2,
1853 1397 1871 1457 5
1893 1389 1962 1476 ἐμοὶ
1986 1388 2041 1454 οὖν

449 1512 590 1576 δοκεῖ-
604 1515 652 1577 καί
673 1511 841 1598 ἑλομένους
863 1513 1011 1600 πρέσβεις
1033 1513 1139 1576 αὐτίκα
1158 1513 1244 1598 μάλα
1260 1515 1278 1600 η
1284 1518 1365 1598 μῶν
1380 1511 1616 1601 καθημένων
1632 1511 1759 1596 πέμπειν
1776 1513 1856 1598 πρὸς
1871 1513 1925 1600 τὴν
1942 1511 2036 1576 πόλιν.

449 1635 544 1714 Apud
557 1634 768 1716 Thucydidem
780 1635 963 1702 lucratione
982 1639 1069 1700 recta
1079 1635 1241 1718 genetivus
1257 1635 1417 1700 absolutos
1433 1654 1489 1718 pro
1505 1634 1695 1700 nominativo
1712 1633 1867 1717 participii
1886 1632 2041 1700 coniuncti

448 1755 582 1837 legimus
597 1755 644 1834 ΙΙ,
668 1759 724 1835 83,
749 1763 768 1822 3
790 1753 897 1842 ἐπειδη
917 1755 1022 1839 μέντοι
1045 1754 1350 1840 ἀντιπαραπλέοντάς
1372 1778 1405 1818 τε
1427 1756 1564 1840 ἑώρων
1587 1755 1714 1832 αύτούς,
1743 1757 1829 1840 παρὰ
1848 1759 1906 1842 γῆν
1933 1758 2041 1841 σφῶν

450 1874 725 1959 κομιζομένων,
749 1877 797 1938 καί
819 1873 853 1938 ἐκ
868 1874 1002 1960 Πατρῶν
1026 1879 1083 1961 τῆς
1100 1871 1219 1964 Ἀχαίας
1241 1876 1320 1960 πρὸς
1343 1876 1395 1962 την
1419 1874 1587 1962 ἀντιπέρας
1606 1873 1733 1962 ἤπειρον
1749 1873 2041 1958 διαβαλλόντων

452 1995 499 2060 ἐπί
517 1992 714 2083 Ἀκαρνανίας
735 1996 876 2060 κατεῖδον
899 1996 972 2066 τοὺς
994 1992 1173 2084 Ἀθηναίους
1194 2033 1236 2042 -
1259 1995 1493 2081 προσπλέοντας
1518 1995 1605 2081 σφίσι
1633 1996 1705 2074 κτλ,
1733 1996 1797 2077 ΙΙΙ,
1823 2001 1878 2078 13,
1903 2000 1922 2062 6
1948 1995 2042 2084 βοη-

450 2114 657 2205 θησάντιον
678 2115 715 2180 δὲ
737 2117 824 2202 ὑμῶν
847 2115 1021 2202 προθύμως
1044 2115 1129 2180 πιίλιν
1153 2140 1185 2180 τε
1208 2115 1435 2205 προσληῴεσθε
1457 2117 1596 2180 ναυτικόν
1619 2114 1752 2206 ἔχουσαν
1771 2116 1870 2202 μέγα,
1893 2119 1924 2198 Ι,
1949 2123 1997 2198 10,
2021 2121 2040 2182 2

451 2235 523 2302 οὔτε
553 2236 884 2324 ξυνοικισθείσης
913 2235 1066 2308 πόλεως
1093 2235 1165 2301 οὔτε
1192 2239 1290 2323 ίεροῖς
1318 2239 1366 2300 καί
1394 2242 1599 2308 κατασκευαῖς
1627 2237 1806 2302 πολυτελέσι
1826 2237 2042 2327 χρησαμένης,

454 2358 531 2422 κατὰ
554 2360 661 2444 κώμας
682 2358 718 2422 δὲ
742 2365 788 2444 τῷ
812 2358 935 2445 παλαιῷ
959 2363 1013 2446 τῆς
1030 2355 1176 2429 Ἑλλάδος
1198 2357 1306 2444 τρόπιρ
1329 2357 1578 2446 οἰκισθείσης
1599 2353 1732 2444 φαίνοιτ’
1756 2357 1793 2420 ἀν
1817 2357 2041 2443 ὑποδεεστέρα,

450 2499 628 2565 quanquam
651 2480 694 2546 ibi
719 2479 897 2546 Ludovicus
920 2481 1038 2547 Herbst
1056 2479 1166 2547 Philol.
1182 2481 1227 2546 Vl
1248 2500 1278 2562 p.
1296 2485 1357 2546 306
1381 2478 1596 2564 ὑποδεεστέρα
1617 2479 1659 2544 nd
1681 2477 1810 2564 δύναμις
1831 2479 1938 2555 refert,
1960 2496 2042 2560 quae

450 2622 511 2670 vox
532 2603 563 2667 iu
586 2601 737 2686 proximis
761 2602 918 2682 sequitur,
940 2601 999 2680 ΙΙΙ,
1026 2605 1096 2676 112,
1119 2606 1138 2666 4
1162 2599 1473 2687 προκατειλημμένων
1496 2597 1531 2662 δὲ
1554 2603 1616 2662 τῶν
1639 2597 1722 2662 όδῶν
1745 2600 1792 2662 καῖ
1814 2599 1879 2683 ἀμα
1902 2603 1963 2662 τῶν
1982 2597 2041 2683 μὲν

445 2718 633 2810 Ἀμφιλόχων
655 2720 811 2807 ἐμπείρων
834 2715 934 2784 ὄντων
957 2726 1012 2810 τῆς
1033 2721 1155 2784 ἑαυτῶν
1176 2724 1234 2808 γῆς
1256 2720 1305 2782 καὶ
1326 2719 1424 2804 φιλῶν
1448 2721 1527 2806 πρός
1548 2721 1687 2794 όπλίτας,
1711 2724 1784 2784 τῶν
1806 2719 1843 2784 δέ
1866 2719 2041 2806 ἀπείρων

451 2844 499 2907 καὶ
521 2842 847 2930 ἀνεπιστημόνων
869 2843 931 2930 όπη
957 2843 1143 2927 τράπωνται,
1166 2841 1428 2910 ἐσπίπτοντες
1449 2839 1483 2911 ἔς
1507 2863 1538 2905 τε
1556 2840 1726 2930 χαράδρας
1749 2843 1796 2905 καὶ
1818 2841 1874 2911 τάς
1895 2841 2041 2927 προλελο·

446 2963 598 3054 χισμένας
619 2963 752 3046 ἐνέδρας
779 2961 1066 3050 διεφθείροντο.
1113 2962 1176 3029 Sed
1198 2961 1285 3028 vides
1306 2962 1364 3029 hos
1391 2979 1498 3028 omnes
1521 2961 1604 3028 locos
1628 2981 1666 3028 ea
1687 2982 1722 3028 re
1748 2963 1869 3029 aPlut.
1896 2967 1935 3027 17
1965 2961 2042 3048 κάμὲ

452 3084 677 3170 προσβιάζεται
699 3085 747 3147 καῖ
771 3079 851 3148 τοῦτ’
882 3082 1125 3168 ἀποκρινομένου
1155 3082 1189 3146 τὺ
1218 3083 1366 3168 παράπαν
1396 3081 1470 3146 ούδὲ
1498 3085 1556 3167 γρῦ
1585 3083 1726 3164 differre,
1755 3083 1839 3167 quod
1867 3084 2042 3150 subiectum

450 3205 612 3288 proprium
633 3205 797 3287 participio
820 3204 963 3271 additum
984 3203 1111 3284 habent,
1133 3202 1179 3268 ita
1201 3207 1238 3268 ut
1260 3221 1297 3268 ex
1320 3220 1427 3269 eorum
1450 3203 1652 3269 similitudine
1673 3203 1707 3268 id
1728 3204 1834 3286 petius
1856 3203 2043 3271 concluden-

452 3324 526 3390 dum
555 3325 597 3390 sit
623 3325 826 3410 Aristophani
855 3324 949 3387 edroi
978 3324 1156 3390 addendum
1186 3322 1299 3400 fuisse,
1332 3323 1391 3388 nisi
1421 3323 1585 3406 participio
1616 3324 1780 3392 coniuncto
1810 3325 1859 3391 uti
1886 3324 2041 3392 maluerit.

452 3445 540 3511 Duos
563 3449 686 3510 tantum
708 3445 856 3527 indagavi
879 3444 1068 3527 Thucydidis
1090 3444 1175 3511 locos
1197 3461 1267 3523 eos,
1296 3443 1350 3527 qui
1379 3443 1500 3526 possint
1528 3445 1701 3525 comparari
1731 3464 1801 3511 cum
1824 3446 2042 3530 Aristophanis

451 3564 504 3631 illo
529 3583 631 3631 versu.
655 3565 712 3647 lv,
736 3571 785 3646 73,
804 3570 822 3632 3
842 3566 1058 3650 Peloponnesii
1081 3565 1270 3633 deliberant:
1294 3566 1322 3628 ελ
1341 3564 1400 3650 μὲν
1423 3566 1483 3652 γὰρ
1502 3568 1547 3654 μὴ
1570 3565 1727 3655 ὤφθησαν
1750 3567 1906 3647 ἐλθόντες,
1929 3569 2041 3634 οδκ-ἀν

452 3683 486 3748 ἐν
510 3684 584 3774 τύχη
607 3683 766 3768 γίγνεσθαι
789 3686 907 3772 σφίσιν,
935 3687 1013 3750 ἀλλά
1034 3691 1149 3772 σαφῶς
1171 3685 1209 3748 ἀν
1231 3687 1365 3772 ὥσπερ
1393 3685 1646 3774 ησσηθέντων
1673 3691 1919 3780 στερηθῆναι
1948 3689 2043 3762 εὐθὺς

454 3809 509 3894 τῆς
530 3805 662 3882 πτόλεως,
684 3807 740 3874 ubi
755 3805 958 3895 ησσηθέντων
981 3807 1021 3872 ad
1038 3807 1213 3874 subiectum
1228 3804 1420 3894 στερηθῆναι
1442 3808 1528 3874 verbi
1542 3809 1688 3892 pertinet,
1711 3812 1829 3888 eruli,
1852 3819 1902 3892 48,
1927 3816 1945 3876 2
1962 3833 2041 3901 χρη·

450 3927 568 4010 μάτων,
581 3928 642 4014 γὰρ
666 3926 782 4014 ἀπορίᾳ
804 3927 918 3998 αὐτοὺς
940 3927 1179 4010 (Syracusanos)
1207 3926 1478 4014 ἐκτρυχώσειν
1505 3927 1634 4003 άλλως
1655 3955 1693 3995 τε
1715 3933 1774 3996 καῖ
1795 3931 1844 3996 ἐπὶ
1866 3931 1957 3995 πλέον
1980 3931 2040 4020 ἤδη

454 4051 521 4118 ταῖς
550 4047 761 4138 ὑπαρχούσαις
789 4049 877 4111 ναυσὶ
904 4045 1367 4136 θαλασσοκρατούντων,
1402 4051 1455 4118 ubi
1485 4053 1539 4134 qui
1569 4053 1860 4141 θαλασσοκρατούσι
1894 4055 2042 4121 dicuntur

453 4165 668 4256 ἐκτμοχώσειν.
713 4168 779 4236 Hos
802 4170 881 4236 duos
902 4170 987 4237 locos
1008 4170 1110 4237 fateor
1132 4171 1163 4237 id
1186 4171 1271 4252 apud
1294 4190 1343 4238 me
1365 4171 1478 4255 valere,
1502 4178 1539 4240 nt
1553 4193 1646 4257 quam
1662 4175 1861 4242 tenacissime
1875 4175 2040 4242 lectionem

453 4287 603 4356 librorum
624 4291 774 4356 memoria
796 4291 963 4358 admodum
986 4289 1199 4358 confirmatam
1221 4297 1345 4358 teneam
1367 4299 1462 4376 atque
1484 4293 1648 4378 legendum
1671 4313 1830 4362 censeam:

781 4409 874 4483 οὗτος
896 4411 928 4476 δ’
951 4409 1120 4478 ἀκολουθεῖ
1139 4411 1217 4497 κάμὲ
1240 4413 1471 4498 προσβιάζεται,

781 4534 841 4596 καί
864 4528 970 4598 ταῦτ’
993 4533 1307 4619 ἀποκρινομένου
1331 4536 1367 4598 τὸ
1389 4537 1535 4621 παράπαν
1558 4533 1631 4598 ου’δέ
1652 4535 1721 4620 γρῦ.

454 4654 496 4719 Ηί
521 4658 587 4720 tres
609 4651 670 4720 loci
690 4671 727 4720 eo
749 4654 832 4719 inter
853 4673 888 4720 se
910 4655 1074 4722 similiores
1104 4660 1193 4736 sunt,
1219 4655 1304 4737 quod
1333 4656 1496 4740 genetivus
1525 4655 1691 4723 absolutus
1713 4656 1825 4723 comite
1852 4674 1913 4723 non
1942 4663 2038 4738 caret,

454 4772 511 4839 scd
538 4772 697 4840 inducitur
717 4775 819 4857 primo
841 4775 908 4842 loco
931 4776 1057 4863 ὥσπερ,
1081 4776 1180 4840 altero
1203 4774 1305 4846 ἄλλως
1327 4797 1360 4836 τε
1382 4776 1444 4852 καὶ,
1473 4776 1567 4842 tertio
1590 4778 1638 4840 καὶ
1661 4779 1757 4840 ταῦτα
1778 4778 1945 4846 vocabulis.
1992 4779 2041 4845 hd

457 4893 683 4978 προσβιάζεται
705 4895 912 4979 supplendum
936 4895 1119 4961 ἀκολουθεῖν
1142 4896 1261 4982 τυφλῷ,
1283 4895 1368 4976 quod
1389 4899 1556 4979 postquam
1579 4897 1672 4964 Cario
1694 4897 1788 4982 dixit,
1811 4901 1856 4966 eri
1879 4901 2042 4966 immemor
