4708 5912
1090 613 1109 674 9

310 817 352 886 ad
374 835 464 884 suam
488 816 699 884 condicionem
719 816 820 898 ipsam
835 815 1088 884 animadvertens
1104 822 1255 902 tanquam
1274 817 1357 880 ὥστε
1379 815 1456 897 κάμὲ
1478 813 1659 879 ἀκολουθεῖν
1682 811 1791 902 τοψλῷ
1807 813 1901 900 ἀνδρί

306 936 438 1006 dixisset
459 938 577 1020 pergit:
601 939 649 1000 καὶ
671 932 756 1000 ταῦτ’
781 937 1024 1024 ἀποκρινομένου
1048 938 1102 1020 (sc.
1127 936 1234 1019 αὐτοῦ)
1259 937 1293 1001 τὸ
1317 937 1464 1023 παράπαν
1487 935 1561 998 οὐδὲ
1583 938 1652 1021 γρῦ.

391 1059 479 1125 Idem
508 1056 663 1141 Bergkius
692 1077 711 1124 a
741 1059 923 1126 Rauennate
950 1057 1098 1142 deceptus
1128 1059 1245 1125 erravit
1270 1077 1298 1122 v.
1323 1059 1363 1122 26
1393 1052 1472 1119 ἀλλ’
1502 1041 1546 1120 οὔ
1573 1079 1617 1119 οε
1645 1055 1794 1143 κρύψω·
1824 1059 1899 1119 τῶν

307 1177 410 1264 ἐμῶν
432 1179 512 1264 γὰρ·
529 1178 693 1244 οἰκειοῦν
715 1181 787 1255 κτλ,
816 1179 870 1246 ubi
893 1181 1005 1246 ceteris
1030 1179 1189 1247 codicibus
1212 1177 1430 1246 exhibentibus
1453 1173 1492 1240 οὔ
1513 1197 1550 1240 σε
1572 1195 1610 1243 er
1633 1195 1696 1244 nno
1718 1177 1900 1243 Rauennate

310 1296 355 1362 οὔ
376 1322 410 1362 τι
430 1299 560 1382 recepit,
585 1294 624 1362 οὔ
645 1321 689 1369 τις
711 1305 744 1366 ct
765 1295 804 1363 οὔ
825 1321 851 1364 τι
872 1317 929 1381 pro
953 1298 1056 1369 ουδεὶς
1078 1305 1111 1367 et
1133 1299 1224 1364 οὐδὲν
1257 1319 1277 1365 a
1300 1299 1451 1365 trimetris
1474 1297 1615 1365 iambicis
1639 1301 1672 1362 et
1692 1297 1900 1380 anapaesticis

310 1420 503 1488 tetramelris
526 1421 745 1504 Aristophanis
768 1420 869 1487 aliena
899 1440 969 1487 esse
998 1423 1169 1488 immernor.
1213 1421 1395 1504 Legebatur
1422 1419 1548 1505 quidem
1570 1420 1644 1485 olim
1666 1438 1694 1484 v.
1718 1423 1781 1484 499
1802 1414 1897 1489 οὔτις·

309 1538 372 1625 ἐγώ
395 1563 445 1604 σοι
467 1539 576 1606 τούτου
600 1542 672 1616 κτλ,
695 1541 752 1609 sed
774 1538 813 1604 οὔ
835 1565 878 1612 τις
900 1542 1053 1624 pessimae
1076 1548 1170 1609 nome
1193 1542 1351 1610 codicibus
1369 1541 1694 1620 reseruassemus
1712 1539 1901 1606 etVenetus

307 1681 378 1728 eum
400 1661 469 1728 aliis
491 1663 576 1730 haud
607 1657 728 1746 paucis:
753 1658 873 1732 οὐδείς·
895 1660 959 1744 ἐγώ
990 1684 1040 1726 σοι
1063 1663 1122 1726 κτλ.
1155 1663 1310 1730 exhibent.
1357 1661 1471 1744 Itaque
1499 1667 1625 1745 praeter
1647 1657 1846 1727 Diuderfium
1870 1659 1900 1724 iu

309 1783 479 1850 novissima
501 1783 700 1852 Sceuiccrnm
723 1787 888 1866 poetarum
911 1781 1047 1850 editione
1069 1801 1159 1849 nemo
1183 1801 1221 1848 er
1243 1783 1415 1849 editoribus
1439 1783 1579 1866 scripsit:

582 1900 685 1973 οὔτις·
708 1902 771 1984 ἐγώ
795 1926 844 1966 σοι
866 1902 975 1968 τούτου
995 1905 1139 1990 μώρτυς·
1160 1902 1260 1991 μψάὲν
1284 1902 1396 1990 ταύτην
1419 1897 1449 1986 γ’
1473 1903 1633 1988 ἀνερώτα,

312 2024 369 2090 sed
396 2023 479 2090 idem
506 2025 538 2092 iu
569 2023 738 2093 oxoniensi
766 2043 835 2092 curn
850 2025 882 2090 in
899 2024 1090 2092 Dorrilliano
1114 2024 1218 2095 οὐδεὶς
1239 2025 1293 2088 ἄν·
1316 2023 1380 2106 ἐγώ
1404 2046 1453 2086 σοι
1475 2023 1537 2106 legi
1559 2023 1698 2105 videret,
1721 2022 1822 2094 οὐδεὶς
1846 2021 1901 2088 ἄν·

309 2143 375 2227 ἐγὼ
401 2143 510 2208 τούτου
527 2144 676 2225 ediderat,
699 2164 793 2229 quam
816 2145 981 2214 lectionem
1005 2153 1037 2213 et
1050 2146 1317 2228 Hemsterhusius,
1341 2145 1368 2212 si
1390 2145 1456 2211 nlla
1477 2145 1644 2228 quicquam
1660 2144 1803 2211 mutandi
1821 2144 1903 2211 foret

314 2267 494 2348 necessitas,
517 2285 552 2332 se
574 2267 717 2334 omnibus
740 2267 809 2334 aliis
832 2266 1047 2350 praelaturum
1070 2285 1141 2334 esse
1163 2267 1328 2334 adnotavit
1349 2267 1382 2333 et
1404 2265 1560 2349 Bergkius
1583 2267 1709 2350 recepit.
1744 2251 1902 2348 Reisigius

311 2385 447 2454 conieci.
463 2405 494 2469 p.
517 2388 594 2454 XIX
615 2387 772 2456 coniciens
795 2386 898 2458 οὐδεὶς
920 2386 968 2451 ἄν·
991 2385 1053 2470 ἐγὼ
1078 2388 1187 2452 τούτου
1208 2389 1333 2475 μάρτυς
1354 2409 1421 2450 σοι·
1441 2388 1485 2476 μὴ
1510 2385 1622 2482 τούτου
1644 2382 1674 2470 γ’
1700 2387 1845 2474 ἀνερώτα
1868 2392 1901 2452 et

307 2509 418 2574 versui
449 2527 572 2575 omnem
595 2509 714 2577 ademit
745 2510 931 2592 elegantiam
963 2515 996 2576 et
1024 2509 1245 2576 auctoritatem
1268 2509 1409 2576 codicum
1432 2515 1551 2575 temere
1573 2509 1673 2574 laesit.
1725 2506 1901 2574 Meiuekius

308 2627 413 2700 οὐδείς
434 2629 466 2696 iu
490 2628 581 2695 οὐδέν
603 2635 725 2698 mutato
749 2637 854 2697 cetera
875 2631 994 2697 intaeta
1015 2632 1151 2714 reliquit,
1174 2631 1235 2698 nisi
1257 2631 1341 2713 quod
1363 2633 1395 2697 in
1418 2631 1559 2714 proximo
1582 2647 1694 2696 versu:

589 2749 685 2815 καίτοι
708 2750 817 2814 τούτου
841 2753 903 2821 τοῖς
926 2748 1109 2838 ἀνθρώποις
1131 2751 1175 2824 τίς
1197 2753 1235 2817 ἀν
1257 2750 1380 2839 ἐξεύροι
1403 2750 1474 2816 ποτ’
1497 2749 1638 2836 ἀμεινον;

309 2871 342 2938 in
367 2871 412 2944 τίς
432 2871 544 2940 rocula
574 2875 702 2938 acutum
732 2871 821 2954 gravi
846 2871 990 2938 mutavit.
1036 2870 1174 2940 Cobetus
1205 2873 1334 2956 (Hyper.
1358 2892 1403 2940 or.
1426 2872 1491 2938 iun.
1514 2893 1544 2956 p.
1569 2872 1622 2955 38)
1653 2875 1685 2937 et
1706 2869 1773 2954 ipse
1795 2868 1903 2934 οὐδέν·

313 2989 376 3072 ἐγώ
399 3013 450 3055 σοι
472 2993 532 3056 κτλ.
547 2992 690 3074 scripsit,
720 2991 753 3057 in
775 2991 917 3075 proximo
939 2995 1044 3058 autem
1068 3011 1161 3060 versu
1192 2993 1275 3058 idern
1302 2993 1386 3074 quod
1408 2990 1570 3058 Dindorfio
1594 2995 1675 3057 teste
1697 2987 1901 3073 Risschopius

237 3145 240 3150 ·
309 3111 351 3178 ad
373 3111 514 3196 Xenoph.
539 3112 638 3180 Anah.
662 3133 692 3196 p.
717 3119 758 3180 94
781 3112 925 3180 coniecit:
949 3111 977 3177 τί
996 3111 1034 3176 ἂν
1056 3111 1180 3199 ἐξεύροι
1204 3136 1249 3184 τις
1270 3111 1414 3198 riparum
1445 3130 1523 3197 qnos
1546 3113 1751 3196 Kappeynius
1774 3118 1901 3179 secutus

312 3235 368 3296 est.
414 3232 531 3298 Verum
561 3253 619 3319 ego
648 3234 806 3302 inuenisse
834 3233 910 3300 mihi
938 3233 1048 3301 uideor
1077 3236 1109 3300 in
1137 3253 1269 3302 censura
1291 3234 1438 3302 Meinelrii
1461 3234 1678 3301 vindiciarum
1699 3234 1771 3301 libri
1794 3234 1900 3301 Ztsch.

306 3349 327 3414 l.
352 3350 381 3417 ο.
406 3349 517 3434 cyma.
539 3353 599 3420 xx
620 3375 650 3439 p.
674 3361 752 3422 aar:

617 3475 713 3540 καίτοι
735 3473 845 3540 τούτου
869 3477 934 3546 τοῖς
955 3473 1138 3563 ἀνθρώποις
1161 3476 1189 3542 τί
1209 3476 1247 3542 ἀν
1266 3475 1390 3564 ἐξεύροι
1412 3479 1486 3542 ποτ’
1508 3475 1651 3562 ἄμεινον;

447 3630 449 3634 ’
528 3609 583 3666 BA.
619 3595 728 3662 οὐδέν·
750 3595 813 3680 ἐγώ
838 3621 889 3662 σοι
910 3595 1019 3664 τούτου
1040 3592 1180 3683 scipsos·
1200 3596 1301 3686 ,rupaldo
1325 3596 1437 3685 ταύτην
1460 3594 1489 3681 γ’
1515 3599 1669 3686 ἀνερώτα,

307 3715 339 3780 in
363 3731 426 3798 qua
449 3716 606 3800 scripture
627 3717 812 3802 Chremylus
842 3719 1085 3804 disputationem
1108 3737 1199 3786 suam
1220 3718 1306 3786 hand
1335 3718 1427 3785 aliter
1448 3718 1498 3786 hie
1520 3717 1678 3786 concludit
1702 3733 1796 3800 quarn
1819 3716 1901 3785 inira

306 3854 355 3903 nv.
380 3839 450 3902 505.
476 3841 510 3902 6:

554 3955 664 4024 οὔκουν
688 3958 767 4026 εἶναι’
786 3957 878 4048 φημ’,
902 3961 930 4026 ei
951 3961 1064 4026 ταώοαι
1086 3959 1199 4049 ταύτην
1220 3960 1346 4047 βλέψας
1368 3959 1447 4026 ποθ’
1472 3963 1489 4024 ὁ
1513 3961 1656 4037 πλοῦτος,

438 4091 442 4100 ’
554 4077 627 4146 ὁδὸν
650 4080 748 4169 ἥντιν’
772 4081 827 4146 ἰὼν
851 4085 914 4154 τοῖς
936 4080 1119 4170 ἀνθρώποις
1140 4079 1237 4167 ἀμίδ’
1263 4083 1301 4146 ἀν
1320 4082 1419 4168 μείζω
1443 4081 1608 4168 πορίσειεν.

310 4195 360 4264 Sic
381 4200 462 4266 euim
484 4201 543 4269 hos
567 4219 677 4269 versus
701 4203 882 4271 scribendos
905 4222 975 4272 esse
996 4223 1117 4272 censeo.
1152 4205 1254 4271 Priori
1275 4206 1380 4270 versui
1404 4204 1540 4270 editores
1563 4221 1645 4270 nuuc
1668 4202 1898 4269 consentientes

309 4335 347 4382 ex
369 4319 727 4408 mvennatepuspac
747 4325 945 4410 participium
967 4326 1179 4406 reddiderunt,
1204 4325 1317 4393 ceteris
1339 4325 1498 4392 codicibus
1521 4321 1558 4413 ἣν
1574 4324 1709 4407 (Veneto
1726 4321 1776 4407 ἂν)
1791 4321 1898 4410 βλέψῃ

310 4438 535 4525 exhibentibus,
558 4444 703 4528 quisine
726 4446 820 4513 dubio
844 4443 929 4512 τοῦτ’
959 4447 1120 4531 praebent,
1144 4465 1214 4514 cum
1245 4445 1278 4512 in
1306 4445 1489 4512 &venuste
1511 4443 1625 4530 ταύτην
1653 4443 1716 4526 legi
1742 4443 1898 4527 suspicari

308 4552 402 4628 liceat
430 4567 462 4629 et
483 4580 502 4627 a
524 4563 685 4632 Dindorfio
711 4565 897 4649 adnotatum
937 4583 1118 4650 quanquam
1146 4565 1346 4634 Thierschius
1375 4585 1446 4632 eum
1476 4559 1561 4630 τοῦτ’
1591 4562 1629 4653 ἢν
1657 4563 1776 4631 habere
1796 4571 1895 4631 notat.

308 4681 421 4765 Itaque
456 4682 568 4772 ταύτην
600 4686 727 4772 βλέψας
759 4686 927 4754 ediderunt
961 4687 1135 4755 Meiueldus
1164 4685 1346 4755 Dindorfins
1382 4685 1595 4770 Kappeynius,
1621 4684 1777 4769 Berglrlus
1807 4687 1896 4750 ταῦτ’

308 4801 520 4889 ἀμβλέψας
542 4805 675 4888 scripsit,
700 4806 785 4891 quali
809 4805 909 4873 forma
931 4808 1026 4875 semel
1048 4807 1236 4892 Eupolidem
1259 4807 1344 4876 Com.
1368 4806 1402 4872 11
1423 4827 1454 4891 p.
1486 4807 1558 4887 464,
1582 4806 1822 4891 Aristophanem
1845 4805 1897 4874 vix

307 4941 445 5006 unquam
468 4943 560 4991 usum
584 4943 654 4994 esse
677 4927 852 4995 lleinelrius
871 4925 962 4993 Vind.
986 4948 1016 5012 p.
1041 4929 1101 4995 212
1125 4928 1356 4996 animadvertit.
1401 4927 1469 4994 Illic
1490 4927 1622 5012 legitur:

733 5049 1063 5142 ἀμβάυστονῆοαι
1085 5049 1135 5114 καὶ
1150 5050 1286 5142 priorious
1309 5050 1362 5139 τὴν
1385 5046 1469 5114 πόλιν

1739 5152 1756 5206 2
