4708 5912
1005 587 1207 692 ..ξ-7..-

419 798 480 878 Qui
501 797 561 865 hoc
583 797 650 866 loco
672 798 765 864 huius
790 797 905 866 codicis
933 799 1152 865 auctoriiatem
1180 799 1364 880 vindicavit,
1394 798 1569 866 Meinekius
1597 799 1639 865 ib.
1663 818 1693 881 p.
1718 802 1778 864 217
1802 798 1903 866 eidem

315 920 461 987 iniuriam
486 921 652 1002 intulerat,
683 940 753 988 cum
777 924 847 1004 μῶν
875 917 1053 1009 ἐνεμυηθης
1080 921 1162 1004 quod
1197 939 1225 984 v.
1256 924 1319 985 845
1345 924 1428 1002 μῶν
1456 917 1523 982 οὖν
1552 917 1728 1010 ε’ρυηθης
1753 914 1833 1008 θῆτ’
1863 917 1903 982 ἐν

320 1040 425 1128 αὐτῷ
453 1041 497 1131 rd
522 1044 674 1127 μεγάλα
697 1043 782 1110 solus
805 1043 970 1108 Ravennas
998 1041 1123 1108 exhibet
1151 1041 1262 1108 ceteris
1290 1041 1448 1108 codicibus
1473 1045 1543 1125 μῶν
1572 1038 1626 1104 οὖν
1655 1037 1813 1130 ἐμυήθης,
1843 1040 1904 1107 Ve-

316 1169 388 1229 neto
409 1167 479 1247 μῶν
505 1159 648 1252 ἐμυήθης
674 1163 912 1246 praebentibus
941 1181 1086 1246 graecum
1115 1181 1184 1229 esse
1211 1167 1356 1245 negaret3
1386 1162 1442 1228 sed
1469 1161 1502 1226 in
1524 1161 1685 1228 Addendis
1708 1161 1748 1236 ib.
1771 1180 1801 1245 p.
1825 1161 1905 1228 VIII

316 1288 487 1350 retractato
510 1283 568 1350 hoc
590 1282 659 1351 loco
681 1285 856 1351 rectIssime
875 1285 997 1350 censuit
1012 1282 1191 1373 ἐνεμοηθης
1206 1285 1324 1350 dictum
1340 1301 1408 1351 esse
1423 1283 1505 1350 otiu
1520 1283 1663 1366 sequenti
1678 1302 1771 1350 versu
1787 1281 1904 1370 ἐνερρί·

316 1429 415 1489 γιοοα·
428 1425 470 1474 sc.
495 1405 527 1469 ἐν
551 1403 601 1494 τῷ
624 1405 780 1494 τριβωνίῳ
804 1407 935 1475 conlatis
959 1406 1157 1484 ἐνοποτίνειν,
1180 1405 1384 1470 ἐναποπατεῖν
1406 1405 1570 1473 similibus

419 1527 499 1594 Aliis
526 1527 603 1595 locis
631 1529 822 1596 &vennatis
852 1530 1023 1598 auctoritas
1056 1549 1118 1596 uon
1151 1530 1279 1596 minoris
1315 1529 1372 1596 sed
1401 1528 1484 1596 iusto
1518 1527 1617 1612 pluris
1652 1528 1817 1595 aestimata
1845 1530 1903 1593 est.

319 1647 356 1714 V.
386 1656 424 1715 17
447 1650 479 1716 iu
502 1651 615 1717 ceteris
638 1650 797 1718 codicibus
815 1650 948 1734 legitur:

675 1773 723 1835 καὶ
745 1766 831 1835 τοῦτ’
856 1770 1129 1857 ἀποκρινομένου
1153 1772 1186 1835 τὸ
1211 1771 1358 1858 παράπαν
1381 1769 1456 1834 οὐδὲ
1477 1774 1547 1857 γρῦ,

316 1893 348 1957 in
371 1910 433 1958 uno
455 1893 638 1960 Rauennate
660 1893 807 1979 θποιιρινο
812 1893 930 1980 μένῳ.
977 1892 1148 1961 Genetivus
1170 1893 1349 1959 Thierschio
1373 1898 1406 1958 et
1419 1893 1533 1958 BothIo
1551 1893 1705 1976 probatus
1727 1896 1784 1968 est,
1807 1890 1905 1958 ceteri

320 2012 494 2078 Bentleium
517 2013 617 2079 secuti
640 2013 913 2102 ἀποκρινόμενος
934 2016 1194 2096 emendaverunt,
1224 2033 1305 2080 uuus
1328 2015 1483 2098 Bergkius
1510 2013 1746 2100 ἀποκρινομένῳ
1775 2014 1903 2097 recepit.

318 2134 417 2212 Quem
440 2135 466 2199 si
488 2135 644 2218 sequeris,
673 2133 839 2202 Curionem
861 2136 895 2202 id
918 2143 1101 2220 querentem
1124 2137 1239 2218 habes,
1267 2137 1349 2204 male
1371 2135 1456 2218 fieri,
1485 2136 1570 2220 quod
1592 2136 1659 2217 ipse
1681 2154 1751 2202 curn
1775 2154 1828 2202 aro
1858 2153 1906 2202 se·

317 2260 433 2338 quatur
463 2274 590 2323 caecum
619 2256 775 2324 hominem
804 2258 932 2340 insuper
967 2257 1043 2324 nihil
1075 2257 1331 2342 respondentem
1366 2256 1528 2324 Bentleius
1559 2256 1722 2323 Curionem
1748 2254 1907 2339 Chremyli

317 2377 475 2445 silentium
497 2397 592 2462 aegre
614 2377 765 2447 ferentem
787 2377 871 2446 iacit.
908 2380 992 2446 iilud
1014 2399 1143 2464 prorsus
1167 2381 1318 2448 absonum
1340 2397 1409 2445 esse
1425 2378 1586 2461 suspicari,
1609 2396 1735 2444 caecum
1750 2377 1906 2444 hominem

317 2499 381 2564 iam
403 2504 478 2566 ante
500 2499 624 2567 fabulae
645 2500 768 2566 initium
792 2499 960 2568 adunione
981 2502 1210 2584 interrogatum
1225 2500 1333 2581 inisse,
1355 2501 1473 2567 nolenti
1493 2500 1683 2583 persuadere
1698 2519 1760 2567 non
1774 2499 1906 2582 poteris;

318 2638 400 2701 narn,
422 2625 459 2687 ut
481 2618 525 2702 fit,
549 2621 581 2686 in
603 2622 662 2688 hac
685 2640 720 2687 re
741 2622 910 2706 plurimum
934 2623 975 2688 ad
997 2641 1123 2689 sensum
1145 2623 1237 2689 redit.
1283 2624 1325 2688 At
1345 2643 1407 2688 non
1430 2623 1541 2689 dubito
1563 2641 1630 2705 ego,
1653 2621 1729 2706 quin
1744 2621 1906 2688 Bentleius

317 2741 384 2808 ueri
412 2760 539 2808 sensum
568 2747 653 2809 recte
682 2742 725 2808 sit
754 2747 897 2824 secutus,
927 2742 1002 2825 quia
1029 2762 1140 2809 versus
1165 2748 1204 2808 18
1227 2763 1290 2827 sq,
1319 2743 1433 2826 quibus
1458 2742 1550 2809 OarIo
1578 2741 1770 2826 grauissimis
1800 2741 1906 2808 verbis

319 2860 520 2946 Chremylum
541 2863 727 2946 interrogat,
750 2863 889 2930 eiusdem
912 2863 951 2930 de
973 2863 1113 2931 eiusdem
1135 2865 1258 2931 silentio
1282 2869 1412 2944 questus
1431 2863 1573 2946 excipere
1588 2862 1756 2930 admodum
1772 2868 1908 2946 estpro-

318 2983 431 3051 babile.
478 2984 588 3068 Neque
610 2984 726 3051 nuliius
748 2985 896 3052 momenti
919 2991 968 3052 est
990 2984 1161 3052 similitudo
1183 2985 1576 3070 Thesmophoriazusarum
1598 2985 1725 3065 exordii,
1749 2985 1803 3052 ubi
1822 2985 1908 3052 Mue-

318 3105 453 3172 silochus
475 3125 538 3173 non
560 3105 663 3172 minus
685 3107 842 3187 queritur,
871 3125 906 3173 se
928 3107 968 3174 ab
991 3107 1144 3188 Euripide
1166 3107 1280 3174 iudea
1308 3108 1462 3173 matutino
1490 3113 1631 3188 tempore
1658 3106 1904 3174 circumductum

319 3245 402 3308 esse,
426 3232 458 3295 et
479 3246 562 3295 nunc
585 3227 710 3294 demum
734 3247 773 3294 ex
793 3231 887 3311 poeta
910 3247 1061 3311 quaerere
1084 3228 1195 3309 audet,
1228 3230 1260 3295 in
1281 3245 1375 3310 quem
1397 3227 1490 3295 finem
1513 3228 1655 3295 ducatur.
1700 3227 1814 3308 Itaque
1836 3245 1907 3293 cum

323 3349 384 3414 nisi
413 3349 445 3414 io
475 3349 642 3415 admodum
671 3347 839 3416 artificiosa
873 3350 1145 3432 interpretatione,
1181 3350 1310 3431 quaed
1346 3348 1569 3435 προσβιάζεται
1600 3348 1808 3431 supplendum
1840 3364 1909 3413 esse

321 3469 426 3537 dicere
447 3470 549 3553 possis
572 3469 660 3556 αὐτῷ
681 3487 723 3536 sc.
747 3469 911 3553 Chromylo
935 3467 1127 3547 ἀκολουθεῖν,
1159 3469 1394 3556 ἀποκρινομένῳ
1416 3489 1479 3536 non
1501 3469 1601 3552 possit
1622 3468 1662 3534 ad
1684 3468 1780 3533 alium
1803 3485 1910 3548 quem·

319 3608 412 3673 quam
434 3609 528 3675 quoru
551 3592 592 3657 ad
614 3609 741 3658 caecum
763 3591 920 3658 hominem
942 3591 1067 3668 referri,
1099 3592 1292 3658 Ravennatis
1322 3591 1489 3658 lectionem
1518 3591 1712 3658 abiciendam
1742 3605 1812 3657 esse
1840 3607 1909 3672 per·

319 3731 447 3779 suasum
476 3713 585 3779 habeo.
638 3713 726 3779 Inter
754 3711 999 3798 ἀποκρινόμενος
1027 3732 1100 3779 vero
1130 3716 1163 3778 et
1191 3711 1452 3799 ἀποκρινομένου,
1483 3731 1564 3797 quae
1592 3711 1685 3779 lectio
1717 3728 1779 3779 non
1808 3709 1908 3776 solurn

320 3835 456 3900 omnium
478 3840 605 3916 praeter
625 3834 839 3902 Rauennatem
867 3835 1009 3901 codicum
1038 3853 1206 3914 consensu,
1236 3854 1345 3902 verum
1373 3835 1469 3901 etiam
1492 3834 1649 3900 Ammonii
1680 3832 1718 3899 de
1746 3833 1908 3914 interpret.

320 3951 371 4021 fol.
394 3959 469 4036 78a,
494 3960 533 4022 13
554 3956 602 4021 ed.
625 3956 695 4021 Ald.
719 3976 748 4022 a.
768 3961 849 4021 1545
872 3963 905 4023 et
927 3955 1043 4024 Suidae
1073 3975 1098 4022 s.
1122 3975 1151 4022 v.
1180 3959 1239 4042 γρῦ
1262 3956 1450 4022 testimoniis
1473 3954 1687 4034 confirmatur,
1717 3953 1802 4036 optio
1824 3951 1909 4018 haud

320 4074 417 4144 iacilia
447 4079 504 4144 est.
555 4076 688 4144 Constat
710 4078 792 4144 enim
814 4082 847 4143 et
873 4079 1035 4161 genetiuos
1057 4076 1217 4144 absolutos
1246 4077 1331 4142 houd
1362 4095 1434 4143 raro
1463 4077 1625 4143 inlocum
1654 4074 1810 4158 participii
1839 4091 1911 4140 con·

321 4196 419 4264 iuncti
442 4197 626 4281 succedere,
655 4203 691 4264 ut
714 4199 870 4282 participii
890 4199 939 4264 rIs
965 4219 1002 4266 eo
1033 4203 1201 4282 augeatur,
1232 4198 1316 4279 quod
1344 4197 1481 4281 pendere
1510 4197 1648 4277 desinat,
1677 4199 1710 4262 et
1739 4211 1910 4278 pronomen

322 4320 433 4386 tertiae
455 4337 627 4403 personae,
649 4319 676 4385 si
699 4339 761 4386 non
784 4319 975 4386 efferendum
998 4325 1047 4386 est
1069 4339 1106 4386 ac
1129 4318 1220 4386 facile
1242 4337 1280 4384 en
1302 4319 1400 4385 totius
1422 4319 1483 4385 loci
1506 4337 1626 4384 conexu
1647 4316 1856 4398 intellegitur,
1878 4315 1909 4380 in

321 4440 537 4522 genetivorum
561 4441 775 4508 absolutorum
798 4441 1028 4508 constructione
1050 4459 1145 4524 saepe
1168 4441 1279 4507 omitti.
1323 4441 1367 4506 At
1389 4443 1558 4522 utrumque
1579 4440 1660 4506 solet
1683 4458 1719 4505 ea
1740 4437 1810 4520 lege
1831 4435 1910 4517 fieri,

321 4565 359 4627 ut
379 4561 518 4645 genetivi
540 4563 677 4630 absoluti
698 4561 801 4630 locum
829 4580 920 4629 casus
947 4562 1065 4643 obliqui
1091 4561 1248 4646 participii
1276 4561 1431 4628 coniuncti
1460 4565 1603 4644 teneant,
1632 4578 1690 4642 pro
1719 4558 1910 4625 nominativo

322 4682 422 4750 rideri
443 4689 577 4767 possunt
599 4684 743 4768 usurpati
767 4701 836 4752 ease
857 4685 935 4751 Xeu.
959 4684 1072 4768 Cyrop.
1096 4683 1158 4764 VI,
1184 4689 1218 4766 1,
1249 4688 1287 4750 37
1312 4683 1357 4754 ὡς
1378 4683 1439 4769 γὰρ
1463 4684 1479 4746 ὑ
1502 4679 1603 4770 θροῦς
1624 4677 1733 4770 διῆλθε
1756 4683 1812 4769 τῆς
1833 4677 1912 4768 ἐμῆς

324 4831 532 4842 ———-....-.

323 4910 402 4966 'Ihua
420 4911 440 4973 1,
461 4911 562 4973 13t3.
580 4911 614 4972 11,
632 4913 658 4970 4,
677 4913 700 4964 6.
720 4911 765 4971 111,
783 4911 827 4969 30.
847 4913 869 4964 1.
888 4911 935 4974 VI,
952 4911 994 4971 57,
1012 4910 1035 4964 3λ
1056 4907 1126 4970 VIII,
1144 4909 1185 4962 41.
1204 4908 1229 4962 3.
1247 4911 1289 4970 42,
1311 4912 1340 4968 l;
1365 4926 1423 4960 nom
1448 4908 1471 4960 in
1495 4906 1702 4960 similitudinibus
1721 4904 1845 4958 constanti
1862 4921 1909 4955 uau

323 5014 380 5049 cum
400 4997 564 5065 scriptoribus
583 4997 778 5048 consentientem
797 4997 864 5048 huuc
881 5003 980 5062 poetam
998 4991 1092 5060 ὥσπερ
1111 4993 1204 5045 dixisse
1222 4993 1328 5046 indicari
1345 4995 1384 5046 De
1402 4995 1462 5048 Rau.
1482 5003 1507 5047 ct
1524 4995 1587 5048 Ven,
1607 5013 1631 5062 p,
1652 4996 1691 5049 17.
1725 4995 1758 5045 At
1775 4991 1807 5043 od
1824 4991 1910 5042 trime·

322 5093 388 5137 mum
406 5085 556 5153 piorumque
572 5084 655 5153 aptius
673 5093 726 5136 orat
744 5099 775 5136 oo
793 5083 946 5135 commodius
965 5079 1003 5139 ὡς
1020 5078 1074 5150 ἔχω
1092 5097 1167 5147 quam
1186 5076 1282 5150 ὥοπερ
1301 5077 1365 5151 ἔχω.
