4708 5912
1242 576 1284 638 20

1163 659 1362 672 -ῌ

468 781 614 848 vennatis
649 779 806 862 scriptura
833 778 936 844 notari
969 783 1086 860 posset
1135 779 1266 861 Recepit
1300 777 1432 861 Berglrii
1458 774 1669 843 coniecturam
1697 775 1901 859 Kappeyuius
1929 792 1990 842 vau
2018 775 2059 842 de

468 899 618 985 Coppelle
639 899 673 965 iu
695 896 900 965 adnotatione
921 896 1031 964 critica
1053 897 1093 964 de
1116 899 1275 986 τυγχάνειν
1296 895 1432 964 conferri
1453 895 1564 962 iubens
1586 913 1632 962 vs.
1655 900 1718 962 636
1740 901 1774 962 et
1794 894 1925 962 laudens
1947 894 2058 962 Gobetr'

468 1019 711 1104 disputationem
734 1019 813 1084 Nor.
836 1017 923 1084 Leet
946 1036 976 1098 p.
1001 1021 1063 1083 200
1092 1035 1139 1100 sq.
1185 1016 1247 1084 Sed
1269 1034 1351 1101 quae
1372 1015 1435 1082 illie
1457 1015 1615 1098 leguntur,
1636 1032 1657 1080 a
1678 1014 1806 1096 Bergkii
1834 1014 1968 1082 lectione
1995 1033 2059 1082 uon

468 1141 570 1206 miuus
592 1137 741 1206 differunt
762 1155 856 1220 quam
878 1155 960 1218 quae
981 1137 1067 1221 apud
1089 1138 1243 1206 &belum
1265 1141 1415 1220 congesta
1436 1141 1511 1202 suut
1531 1135 1625 1202 buius
1646 1136 1735 1202 verbi
1757 1134 1910 1218 exempla.
1933 1134 2059 1218 Ubique

468 1262 549 1327 enim
571 1265 659 1327 certa
679 1276 815 1341 petuma
837 1258 961 1340 qualem
982 1275 1016 1323 se
1039 1259 1198 1346 τυγχάνειν
1219 1258 1309 1324 verbi
1329 1258 1471 1326 subiecto
1493 1255 1645 1339 praebeat
1665 1256 1848 1336 quaeritur;
1876 1255 1965 1324 euius
1989 1273 2059 1336 per-

467 1398 564 1448 sonae
585 1385 661 1445 notu
682 1378 867 1462 plerumque
895 1377 1005 1444 additu
1032 1382 1082 1444 esi
1102 1383 1142 1462 ui
1159 1378 1243 1444 Plnt
1267 1383 1329 1444 636
1356 1374 1584 1465 Ἀσκληπιοῦ
1614 1379 1752 1446 παιῶνος
1773 1374 1924 1459 εὐμενοῦς
1944 1376 2058 1464 τυχῶν,

468 1501 577 1584 Eurip.
600 1497 670 1566 Hel.
696 1503 777 1564 1300
805 1499 911 1586 ἡμῶν
934 1499 1093 1587 τυγχάνων
1123 1498 1198 1562 οίων
1227 1520 1264 1562 σε
1287 1499 1371 1588 χρη,
1399 1497 1493 1580 Soph.
1523 1496 1561 1563 0.
1584 1495 1619 1562 G.
1646 1502 1728 1564 1482
1758 1495 1893 1562 ἐναισίυυ
1922 1496 1959 1560 δὲ
1987 1500 2058 1562 σοῦ

470 1620 587 1709 τύχοιμι
609 1620 787 1704 (legebatur
808 1617 1007 1706 ουντύχοιμι),
1030 1618 1139 1702 Eurip.
1155 1618 1271 1685 dleeet
1287 1623 1348 1684 559
1364 1617 1459 1689 αὐτὸς
1472 1613 1503 1682 ‹i’
1521 1617 1652 1703 ἀρίστου
1668 1617 1787 1682 τοῦθε
1800 1617 1942 1707 τυγχάνω
1958 1615 2058 1700 ξίνου,

467 1740 583 1808 moad.
606 1745 668 1806 ’139
698 1739 775 1827 αὕτη
798 1734 825 1802 τ’
850 1734 1008 1826 Ἀχαιῶν
1037 1737 1316 1823 πρευμενεστέρων
1338 1737 1453 1827 τύχοις,
1482 1737 1556 1821 Lys.
1580 1743 1637 1819 24,
1660 1741 1701 1804 23
1723 1737 1826 1802 διὰτί
1852 1738 1915 1824 γὰρ
1943 1737 1983 1802 ἂν
2011 1740 2059 1804 ani

468 1861 585 1952 τύχοιμι
607 1858 754 1924 τοιούτων
777 1859 896 1944 ύμῶν;
922 1863 971 1936 18,
993 1863 1034 1925 23
1058 1859 1131 1922 οίων
1155 1859 1260 1944 ύμῶν
1282 1859 1316 1922 ἐν
1344 1863 1410 1930 τοῖς
1436 1858 1586 1930 κινδύνοις
1613 1859 1786 1935 τεύξονταιγ
1823 1859 1941 1927 Andoc·
1966 1864 1996 1940 3,
2019 1864 2057 1924 21

469 1981 565 2047 ποίων
587 1985 677 2046 τινῶν
698 1979 1017 2066 Λακεδαιμονίων
1045 1975 1267 2070 τυγχάνοντας;
1295 1988 1331 2061 4,
1361 1985 1380 2047 2
1411 1979 1583 2067 προθύμων
1608 1981 1668 2066 μὲν
1696 1982 1744 2044 καί
1771 1979 1902 2063 ἀγαθῶν
1931 1980 2059 2066 ἀνδρῶν

469 2105 571 2189 ὑμῶν
594 2098 762 2191 τυγχάνων,
785 2103 864 2169 Xeu.
888 2103 987 2168 Anab.
1011 2102 1050 2183 V,
1073 2107 1102 2181 5,
1127 2107 1166 2169 15
1189 2101 1331 2187 ἐρωτᾶτε
1357 2100 1394 2164 δὲ
1421 2100 1536 2172 αύτούς
1557 2101 1673 2166 ὁποίων
1694 2104 1785 2164 τινῶν
1807 2102 1914 2190 ημῶν
1941 2099 2059 2192 ἔτυχον.

468 2223 590 2304 Quibus
613 2224 763 2304 exemplis
785 2221 895 2290 dubito
918 2239 989 2290 eum
1012 2222 1130 2290 Cobeto
1153 2221 1270 2290 addere
1292 2223 1364 2305 Lys.
1388 2226 1439 2301 24,
1462 2227 1513 2303 26,
1536 2222 1590 2289 ubi
1605 2222 1722 2307 ὁμοίως
1736 2222 1886 2289 adverbio
1900 2223 2060 2292 lenissime

468 2345 633 2411 immutato
648 2344 816 2426 legendum
830 2361 900 2410 esse
915 2343 1094 2427 suspicatus
1109 2349 1176 2412 est:
1195 2344 1242 2430 μὴ
1265 2343 1374 2426 τοίνυν,
1396 2341 1423 2407 ab
1442 2342 1556 2432 βουλή,
1576 2341 1677 2431 μηδέν
1698 2343 1889 2432 ἡμαρτηκὼς
1910 2344 2059 2429 ὁμοίων

469 2467 571 2551 ῦμῶν
593 2460 709 2554 τύχοιμι
732 2469 797 2536 τοῖς
819 2465 917 2530 πολλὰ
938 2463 1128 2553 ηδιιιηιιύσιν;
1156 2467 1188 2530 in
1217 2465 1359 2549 proxima
1380 2470 1485 2532 aulem
1506 2465 1705 2548 paragrapho
1727 2467 1824 2532 verba
1845 2463 1909 2546 ἐγὼ
1932 2465 1969 2530 δὲ
1993 2461 2058 2531 τού·

469 2600 531 2651 των
553 2587 623 2672 ὑμῖν
644 2587 744 2677 τυχὼν
767 2585 830 2659 ἔξω
855 2587 911 2674 την
928 2581 1023 2674 χάριν
1045 2603 1124 2651 sana
1147 2583 1423 2668 esse'persuusum
1438 2585 1547 2652 habeo.
1586 2586 1747 2652 Pertinere
1769 2586 1831 2652 bue
1853 2586 1949 2652 etiam
1964 2587 2055 2672 Sopb.

469 2708 547 2774 Phil.
571 2713 635 2774 320
656 2707 814 2795 συντυχὼν
837 2709 939 2768 κακῶν
961 2705 1088 2791 ἀνδρῶν
1109 2702 1318 2792 Ἀτρειδῶν
1345 2709 1401 2794 τῆς
1427 2701 1453 2770 τ’
1481 2701 1659 2776 Ὀδυσσέως
1683 2705 1758 2788 βίας
1784 2707 1945 2774 verissime
1969 2707 2056 2772 iutel-

467 2829 545 2898 laxit
566 2828 714 2907 (lobetus
736 2827 787 2894 eui
809 2845 872 2893 nou
896 2826 990 2893 oredo
1013 2826 1121 2910 Eurip.
1146 2825 1200 2891 Or.
1225 2831 1283 2890 701
1317 2823 1420 2915 τύχοις
1448 2825 1486 2889 du
1515 2825 1633 2890 αὐτοῦ
1659 2824 1785 2914 ῥᾳδίως
1810 2828 1903 2891 άοον
1925 2825 2056 2896 θέλεις

467 2951 581 3018 ultima
602 2948 700 3016 rerba
721 2947 908 3031 corrigenda
929 2965 999 3014 esse
1020 2947 1053 3012 iu
1075 2945 1141 3010 οίοο
1169 2943 1272 3016 θέλεις
1299 2963 1401 3028 nequa
1430 2947 1462 3012 in
1485 2945 1646 3030 Euripidis
1674 2946 1850 3031 fragmento
1877 2945 1961 3030 apud
1988 2945 2058 3013 Sto

469 3070 581 3138 baetim
603 3067 695 3136 florii.
717 3067 832 3149 LXIII,
857 3073 871 3133 l
903 3067 1037 3151 manci.
1060 3065 1150 3150 Irgm.
1172 3085 1204 3150 p.
1228 3070 1300 3133 295.
1332 3067 1419 3134 Aeol.
1443 3068 1498 3150 26)
1529 3066 1646 3157 τύχοιμι
1673 3064 1705 3129 θ’
1733 3067 1839 3156 αὐτῆς,
1868 3067 1950 3155 ἡνίκ’
1981 3065 2060 3132 ἐστὶν

470 3189 603 3278 εὐμενής
624 3208 644 3256 a
665 3189 801 3256 librariis
823 3187 905 3252 ἐστιν
928 3206 998 3255 eum
1021 3187 1097 3252 τίσιν
1119 3193 1346 3256 commutatum
1367 3206 1446 3256 osse.
1491 3185 1550 3255 Ille
1579 3189 1661 3256 euim
1683 3188 1770 3255 locus
1792 3187 1972 3255 detenditur
1994 3189 2061 3256 eius

470 3309 688 3390 similitudine,
717 3326 811 3390 quem
839 3310 909 3391 ipse
937 3307 1076 3376 eooetus
1104 3307 1218 3375 adtulit
1245 3309 1354 3392 Eurip.
1386 3309 1454 3389 Ipb.
1478 3307 1677 3396 115199ᾱῆ
1701 3309 1745 3398 μη
1775 3307 1940 3396 παρούσης
1966 3312 2064 3374 ταῦτα

468 3430 616 3517 τεύξομαι
638 3425 733 3494 σέθεν
749 3430 937 3514 (Ναυυίτὶυυε
962 3425 1035 3493 εἷθ’
1059 3428 1095 3494 ού
1119 3428 1284 3517 παρούσης
1305 3427 1401 3494 ταύτὰ
1424 3427 1571 3513 τεύξομαι
1593 3425 1705 3511 σέθεν,
1728 3429 1800 3495 libri
1818 3429 1900 3524 Πίθυύ.
1914 3426 2008 3518 Ἠμὴ
2022 3429 2062 3496 de

469 3571 526 3618 suo
548 3551 713 3634 Musurus)
735 3550 931 3634 aliorumque
952 3556 989 3616 ut
1010 3550 1105 3636 Sopb.
1126 3549 1204 3616 Phil.
1223 3555 1307 3616 1315
1327 3549 1375 3614 ’ὧν
1397 3549 1435 3614 δέ
1456 3571 1515 3614 σου
1538 3555 1638 3640 τυχεῖν
1659 3549 1797 3638 ἐφίεμαι,
1819 3552 1928 3635 Eurip.
1944 3551 2059 3617 Aloest

471 3677 533 3739 666
555 3671 576 3734 ἃ
598 3667 628 3735 θ’
651 3668 742 3758 ἡμῶν
759 3675 844 3759 χρῆν
867 3691 905 3734 σε
927 3673 1086 3770 τυγχάνειν
1109 3668 1198 3760 ἔχεις,
1221 3669 1305 3737 Med.
1322 3675 1383 3736 259
1407 3671 1555 3734 τοσοῦτον
1577 3668 1633 3736 οῦν
1654 3694 1713 3736 σου
1735 3674 1893 3762 τυγχάνειν
1905 3671 2059 3758 βουλησο-

465 3816 532 3878 μαι,
555 3796 618 3858 338
640 3790 677 3855 ού
699 3787 778 3856 τοῦθ
812 3813 959 3855 ικετευσα
974 3794 1041 3856 σοῦ
1064 3794 1174 3882 τυχεῖν,
1198 3792 1297 3858 altero
1319 3793 1387 3859 loto
1409 3791 1556 3859 videntur
1576 3793 1609 3858 in
1631 3794 1730 3882 αὐτῆς
1749 3793 1865 3861 umoris
1879 3798 1913 3858 ei
1926 3790 2059 3858 Veneris

468 3913 613 3980 notiones
634 3912 817 3980 coniunctae
839 3929 911 3978 esse
935 3916 967 3977 et
989 3911 1029 3977 ed
1052 3911 1137 3979 illam
1161 3911 1287 4001 τύχοιμι,
1310 3912 1351 3978 ad
1374 3912 1455 3980 hauc
1477 3915 1586 3995 aptum
1608 3931 1679 3982 esse
1701 3911 1778 4003 ἡνίκ’
1807 3912 1887 3978 ἐστίν
1917 3909 2058 3999 εὐμενής.

469 4035 542 4100 Diri
563 4052 660 4118 supra
682 4031 750 4099 eius
774 4049 944 4116 personae,
967 4049 1049 4114 quae
1070 4032 1195 4117 qualem
1217 4051 1252 4098 ee
1275 4033 1434 4122 τυγχάνειν
1455 4033 1543 4100 verbi
1564 4035 1705 4101 subiecto
1725 4034 1908 4118 praeberet,
1934 4047 2060 4116 quaere·

470 4159 568 4235 retur,
588 4155 771 4238 plerumque
800 4153 945 4220 additum
976 4171 1046 4220 esse
1075 4171 1188 4220 nomeu
1217 4152 1267 4219 vel
1288 4159 1409 4230 notam;
1439 4154 1555 4222 omisso
1576 4159 1625 4222 est
1652 4153 1753 4220 omnis
1786 4155 1853 4220 eius
1875 4150 2061 4236 significatio

470 4274 580 4358 Eurip.
604 4274 752 4340 Androm.
776 4277 837 4338 ’142
862 4269 1061 4359 θυμούμενος
1080 4270 1117 4338 di
1142 4272 1283 4344 τεύξεται
1312 4271 1518 4360 θυμουμένων
1547 4280 1581 4341 ei
1607 4275 1681 4359 Lys.
1709 4279 1757 4350 12,
1781 4279 1820 4338 77
1844 4271 2003 4347 ὀνειδίζων
2026 4271 2062 4336 di

471 4397 540 4465 τοῖς
560 4399 616 4483 τῆς
635 4391 790 4463 πολιτείας
806 4392 988 4480 μετέχουσιν
1009 4394 1057 4457 άτι
1079 4394 1204 4457 πάντων
1226 4397 1288 4458 τῶν
1310 4395 1537 4481 πεπραγμένων
1567 4397 1634 4469 τοῖς
1660 4394 1835 4483 είρημένοις
1861 4392 1988 4478 τράπυις
2009 4389 2060 4458 ὑπ’

471 4517 549 4603 ἐμοῦ
571 4513 666 4585 σύτὸς
686 4512 781 4585 υίτιος
802 4513 1012 4602 γεγενημένος
1031 4513 1178 4578 τοιούτων
1200 4517 1353 4605 τυγχάνοι,
1369 4516 1424 4583 nbi
1444 4521 1551 4583 tumen
1565 4517 1651 4598 quod
1666 4515 1816 4583 omittunt
1831 4519 1881 4580 est
1894 4513 2061 4597 cogitando

472 4637 619 4721 supplere
640 4634 725 4702 haud
746 4653 879 4720 magnae
901 4653 1015 4720 operae
1036 4639 1086 4702 est
1106 4653 1165 4701 nee
1186 4635 1321 4704 debebat
1342 4638 1482 4704 cobams
1504 4639 1619 4721 Lysiae
1641 4635 1743 4702 adada
1765 4607 1864 4702 inrito
1879 4634 2060 4705 obtrudere.

471 4759 540 4825 llos
559 4757 646 4824 locos
667 4774 774 4823 omnes
796 4774 817 4822 a
838 4755 957 4824 Gobeto
977 4758 998 4822 l.
1020 4756 1041 4821 1.
1064 4763 1231 4840 congestos
1252 4757 1419 4840 adscripsi,
1447 4762 1484 4823 ut
1505 4756 1669 4840 intelleges
1690 4773 1785 4840 quam
1806 4775 1871 4824 uon
1893 4757 1958 4823 siut
1978 4757 2062 4822 simi-

472 4879 521 4945 les
541 4877 581 4960 ei,
610 4893 702 4960 quem
725 4877 929 4961 Kappepuius
950 4895 1059 4946 eorum
1080 4876 1284 4944 similitudine
1311 4877 1394 4944 tueri
1422 4877 1556 4943 volebat.
1602 4876 1664 4945 Sed
1692 4879 1754 4946 etei
1779 4885 1846 4945 tres
1874 4881 2062 4958 quaduorre

473 4997 559 5068 loeos
570 4997 722 5073 adtulerie
731 4999 816 5070 Pluti
828 4998 941 5074 versui,
957 4998 1081 5089 qualem
1093 4998 1250 5088 Berglrins
1260 4997 1368 5086 voluit,
1383 4997 1549 5069 similiores
1559 5035 1601 5048 -
1613 5017 1650 5072 au
1662 4999 1811 5072 videntur
1824 4995 1958 5065 conferri
1968 5013 2063 5086 posse
