4708 5912
1092 511 1133 574 4³

1014 593 1217 606 ..n-nu·-

317 711 405 778 Haec
425 728 631 794 personarum
654 709 845 790 distributio,
869 728 965 794 quam
988 708 1191 795 Kappeynius
1214 715 1342 777 secutus
1365 714 1423 790 est,
1444 709 1505 774 nisi
1520 708 1605 793 qued
1619 709 1741 776 incerta
1757 708 1797 776 de
1812 726 1909 776 causa

316 835 432 898 6110
463 834 581 898 61113
611 829 777 915 Chremylo
807 830 935 912 tribuit,
965 849 1028 897 nou
1057 851 1094 898 ea
1123 835 1172 898 est
1198 848 1293 912 quam
1322 849 1384 896 non
1413 829 1569 911 possimus
1599 825 1662 896 uon
1690 830 1904 912 comprobare.

315 952 549 1020 Altereantibus
577 952 660 1018 enim
687 951 851 1035 Chremylo
881 956 913 1018 et
940 951 1065 1018 Carioni
1096 971 1152 1018 cur
1179 970 1241 1017 non
1268 951 1363 1017 liceat
1392 950 1519 1030 utrique
1548 968 1631 1016 nune
1660 949 1720 1016 hoc
1750 969 1832 1016 nuuc
1854 949 1908 1017 illo

314 1073 408 1139 modo
430 1072 557 1139 Plutum
578 1071 776 1156 significare?
797 1073 951 1140 Firmiore
974 1077 1059 1139 66616
1080 1073 1194 1138 6111166
1222 1071 1425 1138 1661666616
1449 1069 1597 1137 Meinelrii
1625 1069 1738 1136 horum
1760 1088 1908 1138 versuum

318 1192 607 1260 distribueudcmm
634 1192 725 1276 ratio,
753 1193 807 1275 qui
829 1193 993 1260 Camenam
1020 1198 1053 1259 61
1079 1191 1278 1276 Chremylum
1306 1191 1446 1272 singulos
1474 1191 1612 1258 alternos
1634 1209 1745 1257 666666
1769 1191 1908 1259 diceutes

316 1312 402 1395 lacit,
425 1331 474 1378 66.
500 1317 560 1379 166
584 1318 616 1380 61
640 1318 699 1379 161
723 1303 844 1396 6616666
866 1318 974 1396 666166
1003 1311 1185 1397 06666616,
1214 1312 1369 1380 secundas
1392 1312 1517 1379 Carioni
1547 1312 1704 1388 tribuens,
1727 1312 1773 1377 ita
1794 1316 1832 1378 ut
1851 1330 1909 1395 per

313 1438 415 1500 totum
437 1431 541 1500 locum
562 1431 703 1516 perlecta
725 1433 962 1516 sticbomythia,
994 1451 1075 1515 quae
1098 1433 1227 1514 dicitur,
1254 1434 1376 1500 existat.
1423 1432 1483 1500 Cui
1511 1451 1582 1500 cum
1603 1431 1655 1499 hic
1675 1432 1763 1500 locus
1785 1433 1907 1516 aptissi-

313 1553 463 1633 messit,
494 1571 551 1637 ego
579 1573 641 1620 non
665 1554 859 1632 dubitarem,
888 1553 963 1632 quin
995 1552 1186 1618 Meinelrium
1214 1571 1379 1636 sequerer,
1408 1555 1436 1620 si
1458 1554 1534 1620 mihi
1555 1554 1633 1621 haec
1655 1552 1762 1620 fabula
1783 1552 1936 1621 edenda·

312 1679 407 1754 66661,
431 1674 493 1740 6161
522 1676 606 1756 quod
635 1692 706 1741 cum
734 1673 913 1756 Hirschigio
942 1677 1056 1738 6163
1084 1671 1249 1756 Ohremylo
1276 1673 1501 1740 continuarem.
1546 1673 1615 1742 Hoc
1644 1673 1670 1739 si
1692 1672 1737 1755 fit,
1759 1673 1906 1756 deinceps

314 1813 469 1877 personae
492 1793 662 1862 mutandae
684 1798 717 1860 61
737 1797 851 1874 6166,
874 1794 925 1860 661
946 1793 1047 1874 magis
1063 1794 1217 1874 convenit,
1234 1790 1363 1859 Carioni
1378 1793 1499 1861 dandus
1516 1800 1574 1860 est
1613 1794 1784 1874 Quomiuus
1799 1799 1905 1860 autem

311 1915 426 1982 ceteris
448 1932 574 1997 quoque
596 1931 800 1996 personarum
823 1914 906 1981 notis
929 1915 1058 1980 mutatis
1082 1933 1109 1979 6.
1136 1919 1196 1980 116
1225 1913 1400 1997 0166666616,
1424 1933 1452 1979 6.
1479 1919 1539 1980 119
1569 1911 1696 1980 Carioni
1726 1933 1762 1980 66
1791 1914 1904 1981 deiude

314 2054 345 2101 6.
373 2038 432 2101 180
453 2034 589 2118 priorem
611 2039 735 2118 partem
765 2035 783 2096 6
818 2031 1011 2119 Τιμοθέου
1042 2033 1084 2099 δὲ
1113 2032 1263 2120 πύργος
1294 2033 1460 2116 Chremylo
1483 2035 1609 2115 demus,
1633 2051 1695 2100 non
1717 2034 1905 2117 impedimur

316 2173 396 2239 quae
413 2161 564 2223 secuntur
586 2155 689 2222 verbis
707 2153 868 2240 ἐμπέσοι
890 2154 934 2239 γέ
954 2179 1016 2220 σοι
1037 2155 1130 2239 vulgo
1145 2154 1310 2238 chrenylo
1326 2154 1515 2236 adsignatis;
1536 2154 1615 2222 haec
1630 2155 1712 2220 euim
1726 2155 1823 2222 verbe
1837 2175 1904 2222 reo·

310 2276 431 2342 tissime
451 2277 571 2359 primus
594 2276 799 2362 Kappeynius
822 2275 977 2354 Meinekio
1001 2276 1047 2361 (iu
1069 2276 1272 2344 adnotatione
1295 2275 1404 2342 critica
1426 2275 1585 2360 editionis)
1617 2276 1785 2344 obsecutus
1807 2277 1901 2343 Pluto

310 2397 429 2464 tribuit
475 2396 527 2463 Sic
548 2396 600 2464 hic
621 2396 709 2464 locus
731 2397 969 2464 constituendus
992 2415 1062 2466 6666
1084 2398 1161 2464 milri
1190 2398 1324 2479 uidetur,
1352 2413 1532 2480 quanquam
1565 2399 1684 2479 repeto,
1713 2397 1791 2464 certi
1813 2398 1903 2481 quid·

311 2535 406 2602 quam
428 2518 467 2584 de
489 2515 548 2584 hoc
570 2535 686 2599 genere
707 2517 759 2584 616
780 2535 874 2602 66666
897 2518 1004 2586 statui.

410 2636 567 2705 Vcrsuum
598 2639 776 2703 190-192
807 2636 930 2720 singula
959 2638 1055 2705 verba
1084 2638 1130 2706 ita
1159 2637 1380 2708 distribuenda
1414 2657 1484 2706 6666
1520 2642 1557 2706 61
1584 2637 1770 2724 Chremylus
1800 2641 1898 2709 dicat:

308 2755 474 2843 ἔρωτος,
507 2761 720 2846 μουσικῆς,
757 2760 884 2846 τιμῆς,
921 2756 1208 2845 ἀνδραγαθίας,
1242 2759 1486 2846 φιλοτιμίας,
1521 2759 1778 2849 στρατηγίας,
1817 2780 1899 2846 quae

308 2877 413 2944 onmia
435 2877 476 2944 ad
497 2876 637 2978 animum
659 2877 832 2960 pertinent,
855 2875 948 2944 (lario
970 2897 1052 2962 quae
1074 2879 1114 2946 ad
1137 2880 1276 2963 corporis
1298 2881 1484 2965 6616616166,
1510 2881 1602 2948 baec:
1632 2879 1778 2968 ἄρτοι,
1808 2905 1898 2968 τρο-

310 2996 512 3081 γημάτων,
535 2997 803 3076 πλακούντων,
827 2997 1016 3089 ἰσχάδων,
1036 2999 1182 3087 μάζης,
1205 3005 1347 3088 φακῆς,
1375 3019 1483 3068 omnes
1505 3000 1643 3068 editores
1665 3001 1896 3084 intellexeruut,

309 3129 391 3178 unus
411 3115 608 3200 Hirschigius
630 3119 651 3184 l.
673 3119 745 3186 l.-v.
771 3124 832 3186 180
855 3138 917 3186 non
938 3119 1099 3188 intellexit
1137 3121 1330 3189 »Nimirum«
1347 3121 1450 3206 inquit
1473 3126 1556 3186 »τῶν
1575 3121 1634 3208 μὲν
1655 3123 1716 3210 γὰρ
1739 3121 1840 3188 ἄλλον
1854 3160 1898 3173 -

309 3236 342 3298 61
363 3235 420 3298 σοῦ
443 3231 473 3300 δ’
496 3233 614 3320 ἐγένετ’
642 3238 829 3322 interposita
858 3239 996 3324 disiungi
1024 3259 1087 3308 nou
1116 3239 1239 3322 sinunt;
1268 3247 1394 3324 6666166
1416 3260 1511 3325 quam
1533 3243 1617 3325 quod
1637 3243 1710 3310 talis
1733 3243 1841 3311 diuisis
1864 3245 1896 3310 in

306 3351 380 3421 buic
402 3354 495 3421 simili
518 3361 750 3426 enumeratione
773 3377 811 3426 66
832 3361 1042 3428 cumulatione
1063 3379 1220 3445 nusquam
1242 3363 1327 3444 apud
1357 3364 1442 3430 hunc
1470 3369 1597 3446 poetam
1624 3365 1763 3432 occurrit
1785 3368 1817 3432 et
1838 3383 1896 3448 per

305 3491 340 3540 66
361 3451 467 3542 nescio
489 3476 564 3557 quid
586 3477 864 3566 ἀναριστοφανοιόν
887 3481 1012 3564 habet«
1037 3499 1118 3565 quae
1140 3480 1282 3560 refutari,
1312 3487 1482 3566 66166666]
1499 3484 1713 3552 demonstrata
1728 3485 1799 3570 siut,
1815 3503 1894 3569 opus

305 3611 375 3661 esse
397 3613 487 3680 nego.
1561 3687 1564 3693 Ι

406 3715 460 3783 Fit
481 3717 576 3785 etiam
598 3723 634 3786 ut
654 3740 860 3803 personarum
881 3730 976 3792 notae
998 3724 1049 3792 vel
1077 3741 1207 3808 prorsus
1235 3724 1399 3792 deleantur
1425 3725 1475 3792 vel
1502 3744 1583 3793 6666
1610 3726 1678 3794 1666
1707 3726 1891 3794 adiciantur.

302 3835 386 3902 Illud
415 3855 465 3904 me
492 3839 656 3908 admisisse
684 3845 824 3928 poenitet
850 3863 921 3913 cum
950 3845 998 3912 De
1028 3845 1105 3914 Rav-
1138 3852 1171 3914 et
1199 3845 1277 3914 Ven.
1309 3865 1339 3929 p.
1370 3851 1411 3914 29
1439 3865 1468 3912 6.
1493 3851 1555 3913 661
1585 3846 1680 3937 ἦσαν
1711 3847 1753 3912 δέ
1789 3869 1893 3918 τινες

303 3954 437 4020 κᾶλλοι
463 3955 646 4043 δεόμενοι
675 3965 738 4025 τοῦ
770 3960 863 4026 θεοῦ
894 3963 1019 4032 comuni
1042 3965 1287 4034 continuandum
1309 3967 1605 4052 66666166166666;
1628 3967 1712 4049 quod
1728 3966 1888 4034 enimnou

304 4073 532 4160 intellegebam,
555 4097 611 4146 cur
633 4080 745 4147 mulier
767 4082 861 4148 etiam
884 4085 964 4150 alios
987 4085 1038 4152 dei
1059 4086 1176 4152 auxilio
1200 4091 1328 4169 egentes
1351 4086 1490 4154 adfuisse
1505 4087 1720 4170 suspicaretur
1733 4087 1824 4154 -id
1846 4085 1892 4155 la·

305 4193 449 4263 oillimum
471 4203 520 4264 est
543 4199 583 4264 ad
605 4200 863 4284 intellegendum
887 4223 958 4270 nam
981 4207 1070 4294 ἡμῶν
1092 4204 1331 4277 incoeperis
1353 4211 1478 4292 poterat
1493 4208 1533 4275 de
1548 4207 1671 4275 duobus
1686 4226 1797 4292 graece
1814 4209 1885 4277 dici.

305 4313 422 4382 Contra
442 4318 510 4385 iure
532 4338 583 4386 me
605 4323 710 4388 666661
735 4327 794 4390 106
810 4286 960 4394 'ilarionis
981 4343 1094 4394 nomeu
1116 4326 1269 4395 adiecisse
1293 4345 1391 4410 supra
1412 4327 1558 4396 vidimus.
1595 4329 1667 4396 Non
1684 4329 1787 4398 miuus
1801 4335 1887 4398 recte

302 4435 503 4518 Kappeynius
525 4458 554 4506 v.
579 4444 619 4508 27
643 4441 725 4510 inter
746 4444 843 4511 verba
865 4445 1102 4511 πιστότατον
1124 4449 1295 4538 ἡγοῦμαί
1315 4472 1358 4514 σε
1380 4453 1414 4516 61
1435 4449 1497 4515 καί
1518 4450 1803 4516 κλεπτίστατον
1833 4471 1890 4522 uo·

300 4554 395 4622 minis
417 4561 522 4624 notam
546 4558 688 4628 Carionis
710 4563 909 4632 inserendum
932 4585 1002 4634 esse
1023 4569 1170 4650 coniecit,
1192 4572 1242 4638 cui
1264 4571 1347 4637 huuc
1379 4571 1517 4654 leporem
1540 4588 1633 4653 quam
1657 4574 1796 4640 maxime·
1811 4591 1883 4640 con·

301 4675 408 4744 666166
429 4677 563 4760 quisque
584 4683 680 4750 semel
701 4685 840 4753 monitus
862 4688 1019 4756 concedet.
1064 4691 1112 4757 De
1134 4696 1241 4757 6116
1264 4690 1420 4758 difficilius
1442 4697 1492 4759 est
1513 4693 1662 4760 iudicare.
1707 4693 1882 4762 Meiuekius

298 4795 380 4862 enim
402 4797 435 4862 in
457 4797 660 4870 adnotatione
681 4804 791 4873 critica
811 4805 954 4891 βλέψαι
976 4809 1145 4898 ποιήσοις
1167 4811 1263 4878 verba
1283 4810 1419 4880 fortasse
1433 4833 1490 4896 per
1504 4813 1782 4900 interrogationem
1797 4815 1881 4884 alata

298 4935 366 4984 cum
389 4918 475 4986 Pluti
497 4922 838 5010 verbis·coniungeuda
861 4948 930 5000 esse
950 4931 1140 5016 suspicatur,
1162 4933 1208 4998 ita
1230 4939 1266 5001 ut
1289 4931 1474 5024 Chremylus
1497 4934 1597 5001 dieat:

1697 5039 1730 5102 61
