4708 5912
1060 621 1100 684 49

977 704 1180 715 —-.——-

280 826 397 896 Videas
420 843 546 910 quaeso,
570 841 652 907 quae
674 839 731 892 uos
752 840 849 906 supra
870 823 911 890 de
932 823 992 891 hoc
1013 823 1082 891 loco
1106 822 1321 890 disseruimus.

382 947 462 1013 Item
485 963 580 1028 supra
603 961 714 1011 causas
737 943 874 1028 exposui,
900 959 956 1010 cnr
977 961 1006 1010 v.
1033 947 1114 1009 1042
1139 941 1167 1007 τί
1188 964 1297 1030 ppoca3
1319 941 1416 1010 verba
1446 941 1520 1008 anui
1542 941 1746 1026 relinquenda
1769 961 1872 1027 neque
1917 951 1921 960 “

281 1069 313 1134 in
336 1067 373 1131 σέ
396 1089 490 1156 φησιν
513 1069 705 1134 commutata
727 1063 893 1148 Chremylo
914 1063 1083 1131 tribuenda
1105 1081 1175 1130 esse
1197 1080 1350 1130 censeam.

382 1206 411 1255 v.
435 1192 499 1253 840
521 1183 587 1251 ἀλλ’
612 1185 677 1275 οὐχὶ
699 1188 753 1249 νῦν
773 1190 846 1270 post
868 1185 1039 1270 Bergnium
1062 1203 1169 1252 omnes
1199 1183 1336 1251 editores
1367 1180 1540 1250 rectissime
1571 1183 1660 1248 Iusto
1682 1183 1875 1263 tribuerunt,

281 1309 321 1376 de
344 1326 438 1376 versu
460 1307 602 1389 proximo
625 1311 730 1374 autem
753 1304 903 1396 αὐχμὸς
924 1305 995 1392 γὰρ
1019 1305 1069 1369 ὢν
1099 1309 1173 1369 τῶν
1202 1303 1427 1389 σκευαρίων
1447 1299 1482 1388 ρ’
1506 1302 1711 1366 ἀπώλεσεν
1733 1304 1875 1372 homines

282 1427 366 1496 docti
389 1429 481 1495 valde
502 1428 701 1494 dissentiunt.
747 1427 838 1506 Quod
861 1427 944 1493 enim
972 1426 1094 1494 codices
1122 1427 1277 1510 praebent
1304 1443 1476 1509 pronomen
1506 1425 1627 1508 primae
1654 1441 1817 1506 personae,
1840 1424 1874 1490 id

282 1547 459 1615 Meinekius
481 1549 601 1630 primus
624 1549 657 1614 in
680 1547 817 1614 editione
840 1549 872 1612 in
895 1547 1026 1613 alterius
1049 1547 1251 1615 commutavit
1272 1549 1438 1627 totumque
1460 1563 1585 1612 versum
1601 1544 1727 1611 Carioni
1751 1544 1872 1612 tribuit.

283 1667 342 1734 ilai
371 1668 524 1736 Velsenus
554 1667 660 1751 Symb.
684 1667 758 1750 phil.
789 1668 888 1733 Banu.
912 1667 928 1732 I
955 1685 985 1748 p.
1009 1671 1071 1731 417
1100 1667 1253 1732 adsensus
1282 1671 1344 1747 est,
1375 1666 1578 1750 Kappeynius
1607 1684 1647 1732 ne
1676 1665 1721 1732 sic
1750 1663 1877 1749 quidem

282 1807 417 1866 versum
449 1788 481 1854 in
503 1806 567 1870 quo
588 1786 633 1852 ὤν
654 1787 854 1871 participium
878 1787 1017 1870 expediri
1038 1805 1100 1852 non
1123 1792 1239 1869 posset
1255 1791 1399 1853 sanatum
1415 1805 1484 1853 esse
1498 1773 1588 1854 ratus
1602 1787 1764 1869 vulgatam
1781 1785 1876 1868 scrip·

282 1913 387 1975 turam
409 1909 519 1975 tenuit.
564 1908 675 1993 Neque
705 1887 763 1990 ego
789 1913 866 1991 pute
895 1907 1085 1974 Meiuelrium
1112 1907 1205 1975 Vind.
1229 1927 1259 1990 p.
1286 1912 1343 1973 101
1369 1908 1518 1990 exemplis
1547 1910 1704 1991 congestis
1734 1908 1817 1974 inter
1839 1925 1876 1974 se

284 2027 498 2096 dissimillimis
527 2027 610 2096 hunc
640 2027 796 2110 participii
825 2045 915 2093 usum
943 2028 1156 2111 explicavisse.
1203 2027 1267 2094 Sed
1294 2028 1378 2094 hunc
1408 2045 1543 2107 versum,
1566 2045 1660 2110 quem
1682 2027 1728 2094 ita
1750 2033 1787 2093 ut
1809 2028 1876 2108 ipse

284 2147 429 2216 dubitare
452 2150 627 2218 desinerem
651 2150 788 2216 nondum
810 2151 899 2233 potui
923 2150 1135 2234 interpretari,
1158 2153 1262 2215 tamen
1285 2153 1468 2230 corruptum
1497 2166 1565 2214 essa
1586 2147 1662 2213 milri
1685 2147 1878 2230 persuadere

284 2287 406 2354 nequeo
429 2270 652 2353 siquominus
673 2268 799 2336 Carioni
822 2269 999 2352 concedam,
1022 2271 1165 2338 codicum
1187 2270 1325 2337 omnium
1349 2269 1503 2337 communi
1526 2267 1659 2336 lectione
1681 2267 1843 2350 impedior.

388 2409 416 2456 v.
446 2393 507 2456 902
537 2389 639 2456 denuo
668 2388 881 2471 repellendum
911 2397 960 2458 est
982 2390 1152 2474 Hirscbigii
1183 2409 1288 2458 rerum
1317 2408 1469 2456 novarum
1498 2389 1654 2470 studium,
1685 2405 1748 2472 quo
1767 2387 1876 2454 Philol.
1968 2361 1971 2368 ⁴

164 2549 168 2558 ·
285 2508 313 2577 V
334 2528 364 2591 p.
382 2513 455 2590 288,
478 2529 557 2593 quas
579 2511 773 2594 sycophanta
796 2511 928 2594 dicebat,
953 2513 993 2576 τὸ
1018 2509 1064 2587 τί;
1086 2511 1215 2580 voculas
1235 2511 1268 2576 in
1291 2508 1379 2574 rodi
1398 2514 1538 2577 mutatas
1561 2509 1650 2576 Iusto
1675 2508 1878 2589 continuavit,

284 2630 330 2698 ita
351 2635 388 2696 ut
408 2630 436 2696 is
459 2629 560 2696 dicat:

668 2752 716 2817 καλ
736 2753 798 2841 μὴν
820 2750 1034 2842 ἐπερωτηθεὶς
1054 2749 1220 2840 ἀπόκριναί
1235 2773 1289 2837 μοι
1312 2749 1414 2816 rodi·

667 2872 812 2958 γεωργὸς
833 2870 874 2949 εἷς

287 2987 421 3058 Causam
444 3010 500 3058 cur
521 2990 581 3059 boc
602 2992 711 3060 mallet
730 3011 794 3059 non
817 2992 992 3076 explicavit,
1015 2993 1072 3060 sed
1095 2993 1229 3062 conferri
1250 2994 1363 3062 iussit:

432 3111 555 3179 Thesm
581 3117 643 3180 740
665 3112 851 3201 παράβαλλε
873 3113 968 3203 δῆτα·
991 3114 1029 3180 σὺ
1053 3111 1083 3178 δ’
1108 3114 1271 3203 ἀπόκριναί
1288 3138 1343 3201 μοι
1364 3113 1458 3188 rodi,

664 3237 747 3300 couri
769 3236 866 3300 τεκεῖν
888 3237 978 3324 φῆν,
1001 3236 1062 3300 κτλ.

285 3352 319 3414 et
338 3348 422 3416 Nub.
446 3354 507 3416 746
530 3353 604 3419 item
627 3353 706 3421 ialso
729 3355 944 3423 Ravennatem
967 3357 1002 3422 τὸ
1025 3355 1067 3440 τίς
1097 3355 1243 3422 exhibere
1267 3355 1451 3436 Socratique
1474 3353 1640 3436 adsignare
1669 3351 1763 3427 dixit3
1801 3369 1875 3418 nam

288 3468 355 3532 τοδί
375 3470 573 3539 scribendum
597 3479 630 3541 et
650 3475 734 3543 bunc
754 3475 786 3542 in
808 3475 935 3544 modum
958 3476 1133 3558 Strepsiadi
1155 3474 1400 3544 continuandum
1420 3492 1505 3542 csse:

982 3597 1048 3663 εἰπὲ
1070 3595 1109 3687 δὴ
1133 3595 1185 3660 νύν
1205 3617 1259 3681 ραι
1281 3595 1378 3661 sodi·

655 3718 781 3798 γυναῖκα
804 3713 973 3804 φαρμακίδ’
998 3718 1059 3783 κτλ.

282 3831 412 3898 Poterat
433 3830 514 3898 hanc
536 3833 746 3903 coniecturam
769 3836 870 3921 magis
892 3838 988 3906 etiam
1009 3855 1123 3906 ornare
1145 3837 1349 3906 similitudine
1371 3837 1512 3906 eiusdem
1534 3836 1660 3906 labulae
1682 3855 1710 3902 v.
1736 3839 1811 3902 500:

982 3958 1048 4024 etat
1069 3958 1110 4047 dr>
1132 3957 1185 4022 νύν
1204 3981 1259 4044 μοι
1281 3955 1362 4021 τοδί·

653 4073 692 4164 ἢν
713 4073 859 4165 ἐπιμελὴς
878 4075 906 4142 ὦ
928 4077 988 4144 κτλ.

283 4192 365 4261 Nub.
387 4199 448 4260 749
472 4193 542 4258 ταδί
560 4195 758 4264 scribendum
781 4217 851 4265 esse
873 4199 969 4266 etiam
994 4199 1186 4269 Fritzschius
1211 4199 1252 4266 ad
1278 4199 1401 4266 Thesm.
1430 4203 1492 4264 773
1519 4196 1667 4278 coniecit,
1696 4194 1751 4279 qui
1779 4193 1874 4260 huius

283 4309 406 4379 fabulae
428 4332 456 4378 v.
480 4319 543 4382 740
565 4316 605 4380 od
626 4313 657 4378 d'
681 4315 844 4403 ἀπόκριναί
859 4342 914 4404 poc
936 4317 999 4383 [Ὺ.
1016 4319 1052 4384 Ζ.
1077 4322 1111 4386 τὸ
1134 4319 1162 4384 τί
1166 4343 1177 4403 ,·
1200 4320 1308 4388 edidit
1346 4317 1408 4385 Sed
1430 4322 1518 4384 recte
1540 4316 1615 4382 mibi
1629 4316 1777 4384 videntur
1792 4315 1873 4381 Her·

283 4449 416 4498 mannus
437 4433 592 4518 Bergkius
607 4435 783 4504 Meinekius
799 4439 938 4507 Kockius
955 4439 1124 4508 Teulielius
1147 4441 1181 4504 τὸ
1205 4439 1246 4517 τίς
1268 4458 1306 4506 cx
1321 4441 1503 4506 Ravennate
1522 4443 1555 4504 et
1571 4437 1688 4504 Veneto
1703 4435 1871 4518 recepisse·

282 4550 363 4616 Nam
385 4557 422 4618 ut
442 4553 553 4621 horum
576 4557 728 4639 codicum,
751 4577 883 4640 quorum
906 4561 938 4626 in
967 4563 1027 4628 hac
1055 4560 1162 4628 fabula
1190 4561 1346 4643 permulta
1376 4559 1489 4626 menda
1521 4556 1697 4624 communia
1725 4573 1795 4623 esse
1824 4554 1873 4620 De
1986 4545 1992 4554 ’

281 4669 358 4738 Rev.
383 4675 416 4738 et
440 4669 518 4739 Van.
540 4691 570 4757 p.
594 4680 614 4740 4
637 4677 858 4760 demonstravi,
882 4681 1047 4749 consensui
1062 4682 1112 4748 hic
1127 4681 1245 4763 aliquid
1261 4681 1396 4747 tribuam
1412 4679 1615 4746 similitudine
1630 4677 1711 4744 alius
1732 4676 1793 4743 loci
1816 4674 1871 4741 ad-

284 4789 391 4857 ducor.
435 4792 516 4876 Equ.
542 4798 623 4862 1036
646 4799 728 4864 enim
750 4797 854 4867 Goett.
883 4800 942 4883 gel.
966 4803 1044 4868 Anz.
1070 4805 1150 4868 1666
1172 4819 1203 4884 p.
1229 4804 1289 4866 146
1311 4819 1362 4865 me
1383 4799 1521 4883 gaudere
1544 4799 1622 4874 dixi,
1646 4797 1730 4879 quod
1754 4795 1871 4861 Meina-

280 4909 352 4979 kius
376 4913 467 4982 Vind.
490 4929 522 4994 p
544 4918 737 4985 susannem
761 4921 947 4990 emendandi
968 4924 1051 4990 dam
1074 4937 1168 5006 quam
1191 4909 1255 5004 ego'
1271 4921 1432 5003 ingressus
1454 4917 1654 4986 coniecisset:

651 5037 679 5103 ὦ
701 5044 756 5104 τᾶν
779 5040 912 5110 ἄκουσον
931 5043 997 5109 εἶτα
1019 5042 1175 5129 διάκρινον
1199 5039 1282 5116 τόδε,

1699 5140 1714 5193 'l
