4708 5912
1237 564 1279 628 28

465 781 577 836 versus
598 763 675 832 mibi
698 763 790 830 nimis
811 762 963 846 languere
984 762 1142 832 ridentur.
1190 765 1235 832 Et
1254 769 1403 848 repetunt
1424 765 1465 832 de
1486 765 1601 848 quibus
1621 766 1685 834 iam
1712 772 1818 834 actum
1845 772 1930 836 erat:
1958 785 2058 853 supro

467 887 548 956 enim
571 884 615 969 (v.
638 883 820 966 ten-740)
857 883 950 949 Cario
978 889 1172 960 narraverat,
1202 892 1321 968 quanto
1343 883 1459 966 gaudio
1480 884 1612 952 affectus
1633 891 1727 963 esset,
1746 903 1818 954 eum
1839 888 1969 956 Plutum
1988 908 2058 958 rur

468 1024 524 1073 sus
546 1005 653 1072 videre
675 1002 890 1070 intellexisset
935 1006 1041 1084 Atque
1063 1009 1132 1068 tota
1154 1003 1296 1070 Carionis
1318 1006 1418 1070 oratio
1440 1006 1558 1085 optime
1579 1023 1609 1069 v.
1631 1010 1694 1071 744
1716 1007 1923 1074 concluditur.
1961 1009 2057 1078 dece·

467 1124 515 1192 dit
537 1125 622 1210 quod
649 1142 711 1190 non
733 1122 875 1190 Curionis
903 1128 953 1190 est
980 1123 1111 1190 laudare
1140 1123 1216 1191 deos
1243 1125 1298 1190 sed
1328 1125 1468 1190 mulieris
1497 1125 1539 1207 (r.
1564 1129 1626 1190 748
1655 1123 1694 1190 ci.
1719 1143 1748 1190 v.
1773 1125 1860 1208 726).
1908 1125 2058 1194 Fortasse

468 1246 616 1328 igituir.
640 1249 808 1312 745-747
832 1244 1052 1325 interpolatori
1075 1243 1258 1310 debentur«
1310 1243 1387 1309 Mihi
1409 1243 1442 1308 hi
1464 1261 1574 1310 versus
1596 1263 1657 1311 non
1685 1243 1787 1312 solum
1813 1241 1877 1312 riou
1903 1243 2056 1329 superflui

468 1381 538 1432 esse
559 1363 716 1442 ridentur,
738 1361 795 1430 sed
817 1365 914 1430 etiam
937 1363 1030 1429 huius
1052 1362 1113 1430 loci
1136 1364 1323 1444 elegantiam
1346 1363 1459 1428 mirum
1481 1347 1634 1444 girantu'm
1654 1381 1781 1446 augere.
1826 1364 1956 1432 Summa
1974 1367 2059 1432 enim

467 1484 517 1550 ris
538 1490 588 1551 est
609 1483 641 1550 in
664 1501 759 1550 versu
781 1483 907 1559 ultimo,
936 1500 1000 1564 quo
1022 1481 1115 1548 (lario
1138 1485 1287 1565 gaudium
1309 1500 1402 1548 suum
1423 1485 1530 1567 prodit
1557 1484 1597 1551 dc
1619 1483 1778 1552 Neoclidis
1804 1503 1917 1568 poena
1961 1486 2058 1554 Nimi-

469 1620 540 1672 rum
563 1605 661 1672 ceteri
682 1603 827 1671 homiues
849 1603 939 1684 probi
963 1603 1079 1684 gaudio
1101 1602 1140 1668 de
1155 1602 1250 1669 Pluto
1271 1600 1389 1670 reiecto
1411 1606 1495 1686 capti
1514 1604 1593 1671 hanc
1607 1605 1761 1671 laetitiam
1776 1606 1876 1674 solum
1891 1613 2057 1687 testantur,

469 1725 616 1793 servulus
638 1724 796 1791 Neoclidis
826 1725 939 1791 merito
967 1724 1094 1807 quidem
1122 1723 1293 1790 infortunio
1321 1723 1414 1790 nimis
1442 1732 1548 1790 tumen
1577 1724 1752 1793 oblectatus
1780 1745 1815 1792 se
1836 1726 2058 1809 Aesculapium

469 1864 532 1914 non
555 1852 722 1930 propterea
744 1845 845 1911 solum
867 1843 1045 1910 laudavisse
1067 1843 1159 1923 dicit,
1187 1843 1271 1926 quod
1294 1842 1388 1910 Pluto
1409 1843 1515 1910 lucem
1540 1843 1702 1910 oculorum
1730 1844 1922 1922 reddiderit,
1950 1863 2059 1914 veram

477 1965 572 2033 etiam
596 1964 679 2048 quod
701 1963 881 2030 Neoclidem
905 1959 1005 2030 etiam'
1022 1964 1122 2045 magu
1144 1963 1369 2030 obcaecarerit.
1421 1963 1468 2028 llc
1484 1961 1589 2047 lepida
1602 1981 1674 2030 cum
1688 1963 1842 2045 dignitate
1857 1963 2058 2032 Curionum·

475 2086 592 2155 tionem
614 2101 705 2152 suam
726 2085 773 2150 ita
794 2083 961 2159 concludit,
984 2089 1031 2164 ut,
1053 2083 1130 2167 quid
1151 2085 1219 2168 ipse
1239 2083 1374 2150 senserit
1394 2081 1434 2148 de
1455 2081 1505 2148 his
1527 2081 1631 2162 rebus,
1653 2082 1772 2149 diserte
1792 2081 1899 2149 addat.

574 2223 605 2270 v.
630 2208 690 2271 106
710 2203 764 2288 μὰ
785 2203 851 2268 τὸν
873 2198 948 2268 Δί’·
970 2201 1014 2268 οὐ
1036 2202 1107 2289 γὰρ
1130 2199 1233 2268 ἔστιν
1255 2202 1370 2274 ἄλλος
1391 2203 1488 2291 πλὴν
1515 2200 1592 2288 ἐγώ
1614 2222 1676 2268 uon
1699 2201 1816 2284 deluit,
1839 2203 1895 2288 qui
1916 2205 2060 2288 spurium

470 2341 541 2393 esse
561 2324 784 2407 suspicaretur.
829 2323 910 2389 Nam
933 2323 1123 2390 Meinekium
1146 2323 1237 2389 Vind.
1260 2343 1291 2406 p.
1315 2327 1377 2390 209
1400 2341 1435 2390 se
1454 2322 1551 2389 fateri
1572 2323 1663 2404 dicit,
1686 2341 1721 2390 so
1742 2323 1826 2390 bunc
1847 2341 1975 2392 rursum
1996 2345 2059 2394 non

470 2445 669 2528 intellegere;
697 2461 760 2528 quo
781 2443 851 2510 iure
873 2444 956 2509 enim
978 2463 1016 2510 ex
1043 2445 1089 2510 eis
1119 2463 1202 2526 quae
1229 2443 1423 2526 praecedunt
1450 2442 1552 2529 ἄνδρα
1582 2442 1655 2513 rori<
1682 2441 1819 2528 τρόπους
1844 2442 1993 2527 βελτίονα
2018 2446 2059 2514 ad

471 2563 565 2636 ἄλλος
586 2564 750 2632 subaudiri
771 2565 873 2648 possit
894 2564 968 2634 τοὺς
989 2563 1127 2650 τρόπους
1147 2561 1270 2648 nana<
1291 2582 1326 2631 se
1348 2582 1411 2629 non
1434 2564 1581 2647 adseqm3
1609 2583 1787 2647 repugnare
1809 2564 1906 2632 etiam
1933 2584 1962 2631 v.
1986 2570 2055 2632 110.

472 2685 527 2754 Sin
549 2683 609 2753 hoc
630 2685 691 2751 dici
713 2689 874 2752 statuetur
901 2704 964 2748 non
992 2697 1039 2748 eat
1067 2683 1155 2748 adina
1181 2683 1311 2763 molter,
1342 2683 1506 2752 abundare
1532 2685 1610 2771 πλὴν
1637 2682 1711 2766 ἐγώ.
1763 2683 1869 2764 Quare
1893 2702 1928 2752 88
1954 2689 2053 2754 lutum

472 2822 597 2874 versum
619 2803 787 2872 delendum
808 2809 931 2888 putare.
965 2803 1096 2872 Eisdem
1118 2803 1185 2872 iere
1207 2805 1402 2889 argumentis
1417 2805 1565 2872 disertius
1581 2803 1755 2886 explanatis
1770 2805 1892 2871 nescius
1906 2801 2054 2870 Botbium

476 2927 559 2994 idem
582 2934 657 2992 ante
678 2943 730 2993 me
750 2924 886 2992 voluisse
907 2942 966 3007 ego
988 2943 1051 2992 uno
1074 2942 1156 2992 anno
1177 2931 1252 2992 ante
1273 2925 1376 2993 editas
1398 2925 1556 2994 vindicias
1578 2925 1611 2990 in
1632 2923 1729 2992 Libro
1750 2922 1943 2992 miseellmeo
1969 2921 2055 2991 edito

476 3066 497 3114 a
526 3045 679 3114 societate
704 3043 893 3130 pbilologica
921 3044 1081 3112 Bonnemi
1108 3063 1139 3128 p.
1163 3049 1204 3112 60
1226 3063 1273 3128 sq.
1288 3044 1509 3112 'demonstrari
1530 3044 1615 3112 bunc
1642 3063 1769 3113 versum
1795 3063 1865 3112 esse
1893 3042 2058 3128 Ghremylo

473 3166 684 3243 adimendam,
706 3164 908 3232 tribuendum
929 3162 1064 3232 Carioni.
1102 3165 1208 3250 Atque
1228 3166 1383 3258 adsensus
1405 3175 1454 3234 est
1475 3170 1508 3233 et
1528 3166 1698 3234 obsecutus
1713 3165 1918 3249 Kappeyuius
1937 3183 2000 3232 ran
2021 3165 2061 3232 de

475 3285 633 3370 Coppelle.
676 3285 740 3352 Res
762 3285 938 3352 certissima
959 3291 1024 3366 est,
1052 3285 1109 3353 sed
1131 3304 1201 3355 cum
1223 3286 1339 3370 gaudio
1361 3304 1400 3352 ex
1418 3284 1549 3362 litteris,
1579 3302 1659 3367 quas
1680 3285 1739 3352 Ad.
1763 3287 1803 3353 do
1825 3287 1942 3354 Velsen
1968 3286 2061 3354 homo

474 3407 673 3475 doctissimus
687 3406 728 3472 ad
743 3423 794 3473 me
810 3406 945 3489 scripsit,
970 3406 1116 3489 comperi,
1138 3404 1348 3473 coniecturam
1363 3424 1465 3473 meam
1479 3405 1610 3474 ᾶεείιεεε
1625 3405 1835 3473 coniecturam
1849 3423 1936 3486 esse;
1958 3407 2062 3488 ipsum

475 3527 557 3594 euim
579 3526 645 3593 suis
667 3524 785 3594 cidisse
807 3526 906 3592 oculis
928 3531 962 3593 et
982 3525 1016 3594 iu
1037 3526 1220 3594 &venante
1242 3527 1330 3593 etin
1352 3527 1471 3594 Veneto
1494 3531 1567 3593 ante
1586 3526 1633 3610 μὰ
1655 3525 1708 3590 τὸν
1729 3523 1779 3589 Δι’
1801 3525 1898 3592 breve
1923 3527 2061 3612 spatium

474 3647 592 3715 nomini
618 3663 772 3730 personae
805 3645 960 3714 relictum.
1010 3645 1088 3726 Quis
1117 3646 1215 3731 igitur
1244 3646 1384 3729 dubitet,
1416 3648 1493 3728 quin
1519 3646 1708 3716 hievernus
1735 3666 1755 3714 a
1780 3645 1937 3715 ¹llindiciis
1964 3639 2064 3714 vindi·

476 3766 596 3836 candus
618 3767 681 3833 siti
707 3751 726 3788 '

579 3885 640 3968 Qui
661 3885 722 3954 boe
742 3885 811 3953 looo
832 3885 924 3954 nobis
946 3888 1099 3954 adsensus
1126 3893 1190 3968 ost,
1220 3887 1406 3971 Kappeynio
1433 3905 1492 3955 nos
1519 3905 1584 3954 non
1610 3888 1687 3956 item
1713 3903 1880 3971 possumus
1911 3885 2065 3954 adsentiri

476 4028 507 4075 v.
532 4011 593 4076 188
619 4005 712 4072 ὥστ’
740 4005 833 4071 οὐδὲ
856 4008 1006 4092 μεστὸς
1031 4008 1102 4071 σοῦ
1128 4005 1261 4090 γέγον’
1289 4003 1424 4078 οὐδεὶς
1450 4009 1625 4086 πώποτε,
1655 4006 1895 4094 expungendum
1916 4026 1988 4074 esse
2016 4009 2065 4096 in·

479 4127 606 4195 dicanti.
656 4125 858 4212 cbremylum
887 4127 970 4196 enim
1000 4131 1058 4195 aut
1086 4128 1133 4196 sic
1161 4127 1392 4210 argumentum
1423 4127 1524 4196 linito
1551 4129 1623 4214 plus
1651 4129 1754 4213 νειεες
1783 4146 1856 4195 nam
1886 4135 2063 4196 ceterarum

478 4265 586 4316 raum
608 4247 745 4315 ommam
766 4248 919 4316 nobilium
941 4247 1049 4315 vilium
1070 4248 1248 4316 hominibus
1270 4255 1320 4314 cet
1349 4249 1496 4331 satiens,
1524 4251 1572 4316 tui
1599 4267 1673 4318 vero
1699 4250 1803 4317 adbuc
1830 4264 1922 4316 nemo
1950 4248 2063 4331 plenus

479 4366 550 4436 init
594 4369 648 4435 Ite
667 4368 794 4435 demum
822 4370 997 4436 orationem
1025 4375 1111 4437 recte
1138 4368 1323 4453 procedere,
1351 4389 1454 4455 neque
1480 4389 1516 4438 εε
1544 4369 1744 4452 intellegere,
1771 4369 1848 4452 quid
1875 4369 1952 4436 illud
1980 4368 2065 4433 ὥστε

482 4487 646 4572 significet
679 4489 812 4556 Versum
827 4495 936 4556 netum
959 4507 1028 4556 esse
1050 4509 1068 4556 e
1090 4508 1119 4555 r.
1138 4493 1198 4556 193
1221 4493 1279 4556 σοῦ
1301 4489 1337 4554 d’
1360 4489 1481 4575 ἐγένετ’
1502 4489 1607 4561 οὐδεὶς
1624 4491 1743 4575 μεστὸς
1763 4489 1976 4555 οὐδεπώποτε.
2000 4489 2066 4555 lle

481 4608 558 4674 mini
579 4625 630 4674 me
652 4607 685 4674 in
707 4627 839 4676 censura
860 4609 1106 4693 Kappeyninuee
1133 4611 1281 4678 editionis
1307 4610 1338 4678 in
1368 4610 1533 4679 anuabbus
1563 4609 1758 4694 philologieis
1787 4627 1815 4676 a.
1841 4614 1924 4678 1888
1952 4609 2065 4694 proba-

482 4728 566 4795 visse
586 4729 721 4795 hominis
744 4728 917 4796 doctissimi
938 4729 1106 4812 iudicium
1133 4739 1169 4799 at
1190 4751 1274 4800 nunc
1296 4732 1388 4799 aliter
1408 4731 1528 4813 sentio,
1556 4737 1590 4798 et
1610 4747 1705 4814 quem
1733 4747 1859 4800 versum
1887 4749 2066 4816 expungen-

483 4849 558 4916 dum
582 4867 651 4918 esse
672 4850 748 4917 mihi
770 4851 953 4933 persuaderi
973 4870 1086 4935 passus
1106 4870 1202 4936 eram,
1224 4871 1297 4922 eum
1318 4852 1455 4936 expungi
1475 4869 1569 4934 posse
1591 4868 1681 4934 nego.
1718 4851 1797 4919 Indo
1816 4871 1837 4919 a
1856 4871 1886 4918 r.
1905 4857 1965 4918 144
1979 4857 2065 4936 post

484 4987 580 5056 quam
602 4969 781 5040 divitimum
804 4990 842 5040 ea
862 4971 1021 5060 descripta
1042 4979 1092 5042 est
1112 4975 1169 5057 ris,
1192 4975 1309 5056 quain
1332 4972 1397 5044 vito
1418 4971 1574 5039 communi
1596 4971 1701 5040 omnia
1722 4973 1809 5056 liant,
1830 4972 2002 5040 maumetis
2023 4971 2065 5040 ab
