4708 5912
1036 626 1077 688 47

262 832 299 900 Id
322 853 362 900 ne
384 827 495 899 iecerit
516 849 602 898 eram
623 835 764 898 metuere
786 834 1032 897 consentaneum
1067 833 1125 894 est.
1170 827 1283 909 Itaque
1304 827 1399 907 poeta
1421 823 1556 890 debebat
1584 839 1654 888 eam
1681 820 1730 886 vel
1758 820 1861 888 diceu-

263 958 331 1020 tem
354 952 468 1032 faeere,
490 955 528 1018 ut
548 949 668 1032 aliquid
689 968 877 1035 proponam:

569 1071 663 1142 αὐτὸς
686 1069 721 1134 d’
743 1053 861 1142 ἐκεῖνος
881 1067 949 1154 [αὔ
968 1091 1013 1132 σε
1035 1075 1082 1156 τῇ
1101 1065 1303 1154 βακτηρίᾳ

570 1190 778 1266 ἐπάταξεν
800 1187 960 1275 addaiu]
982 1188 1043 1254 ΚΑ.
1067 1187 1103 1254 od
1123 1188 1170 1274 ρὰ
1189 1186 1239 1252 Δί’
1262 1184 1335 1252 odd’
1358 1183 1542 1271 ἐφρόντισεν

264 1331 314 1401 vel
337 1336 502 1418 postquam
524 1329 618 1402 αὐτὸς
646 1328 686 1394 er
711 1328 829 1400 ἐκεῖνος
859 1330 954 1410 dixit,
982 1325 1169 1409 interrumpi
1197 1323 1389 1404 allatione,
1419 1322 1473 1404 qui
1501 1321 1576 1406 quid
1606 1341 1644 1388 ea
1672 1321 1765 1388 uellet
1794 1341 1857 1390 non

260 1453 368 1520 minus
391 1451 609 1519 intellecturus
633 1455 703 1518 erat
727 1469 822 1534 quam
844 1451 897 1532 qui
920 1448 1100 1517 audiebant.
1145 1448 1251 1530 Atque
1272 1445 1317 1512 sie
1344 1444 1592 1526 interrogatione
1620 1439 1746 1509 sublato
1774 1441 1857 1508 hune

269 1574 372 1642 locum
394 1573 457 1655 legi
478 1572 541 1639 iam
562 1571 721 1639 Porsouus
743 1571 851 1638 uoluit.
1338 1651 1344 1664 ¹

372 1693 462 1773 Quae
483 1690 535 1760 hie
557 1692 760 1774 Aristophani
782 1687 982 1758 obtrudeuda
1003 1703 1073 1756 esse
1094 1703 1157 1752 non
1178 1685 1314 1752 Velseuo
1336 1684 1394 1751 soli
1416 1684 1484 1752 visa
1505 1689 1556 1750 est
1584 1701 1717 1751 caesura
1743 1683 1856 1766 media,

263 1812 325 1880 alio
347 1814 416 1881 loco
438 1810 559 1880 tollitur
580 1791 761 1880 felicissima
783 1809 818 1876 O.
834 1809 886 1876 Fr.
902 1807 1077 1876 Hermanni
1100 1803 1224 1890 (Philet.
1242 1804 1291 1871 III
1313 1822 1343 1887 p.
1362 1803 1436 1887 512)
1460 1805 1647 1882 coniectura,
1669 1805 1724 1889 qui
1746 1825 1775 1872 r.
1792 1810 1854 1872 401

264 1935 308 2000 νώ
332 1954 394 2003 non
416 1935 506 2000 utin
529 1933 673 2001 omnibus
696 1931 737 1999 ad
758 1932 842 1998 buno
863 1927 946 1997 diem
969 1927 1159 1995 editionibus
1182 1925 1300 1993 laetum
1322 1930 1372 1994 ast
1394 1923 1576 2009 chremylo,
1604 1924 1662 1994 sed
1682 1927 1856 2011 interroga·

261 2057 348 2124 tione
372 2055 490 2122 elatum
512 2052 711 2137 Blepsidemo
732 2050 933 2119 tribuendum
957 2067 1026 2117 esse
1048 2048 1136 2131 dixit,
1159 2049 1205 2116 ita
1227 2051 1264 2114 ut
1284 2045 1424 2130 legatur:

622 2189 709 2256 XPE.
731 2187 849 2276 βλέψαι
870 2191 995 2278 ποιῆσαι
1010 2223 1053 2237 -
1074 2185 1164 2252 ΒΔΕ.
1189 2185 1248 2261 νώ;
1271 2182 1337 2249 τίνα
1357 2183 1488 2269 βλέψαις
1512 2183 1647 2270 φράσον,

263 2331 347 2416 quod
370 2329 525 2416 Bergkius
547 2329 593 2400 ita
614 2329 769 2412 probavit,
791 2326 1017 2396 ntHermanni
1038 2325 1201 2392 immemor
1215 2323 1349 2391 fortasse
1363 2321 1562 2389 scribendum
1584 2339 1654 2390 esse
1670 2321 1855 2391 adnotaret:

624 2467 712 2532 XPE.
733 2467 849 2553 βλέψαι
872 2470 996 2556 ποιῆσαι
1017 2503 1061 2514 -
1082 2465 1172 2530 ΒΔΕ.
1197 2465 1240 2528 νὼ
1262 2463 1328 2528 τίνα
1347 2462 1484 2549 βλέψαι;
1512 2465 1647 2550 φράσον.

264 2605 333 2689 Ego
351 2603 555 2689 praetulerim
570 2603 744 2672 Hermanni
766 2602 1028 2683 emendationem,
1051 2620 1133 2686 quae
1154 2602 1247 2669 nimis
1270 2600 1364 2684 longa
1384 2607 1475 2668 noete
1497 2601 1634 2668 obducta
1655 2600 1716 2669 fuit
1736 2603 1769 2669 in
1784 2603 1857 2670 Phi·

262 2725 357 2810 lologi
379 2723 525 2793 miscellis
547 2724 649 2790 latens
671 2721 710 2792 tf.
733 2723 791 2790 ΑΨ.
808 2727 870 2789 466
887 2741 934 2808 sq.
957 2720 1060 2794 οὕτως
1081 2721 1168 2807 ὑμῶν
1190 2721 1367 2808 ὑπεραλγῶ,
1390 2719 1500 2794 αἵτινες
1521 2719 1612 2794 ὄντες
1627 2722 1782 2810 πρότερον
1795 2723 1854 2808 βα-

264 2847 351 2936 σιλῆς
371 2883 413 2894 -
436 2846 499 2912 XO.
523 2845 612 2934 ἡμεῖς
632 2843 786 2934 βασιλῆς,·
810 2842 891 2916 τίνος
911 2844 1018 2934 tatic,-

366 2983 502 3052 Versum
524 2981 716 3064 proximum:

626 3101 669 3167 od
693 3103 748 3187 τῷ
766 3101 1037 3186 paraclesim
1059 3101 1127 3166 XP.
1147 3079 1301 3186 ρὰιλιά.
1324 3100 1389 3167 δεῖ
1406 3100 1481 3188 γᾶρ
1508 3105 1644 3188 πρῶτα
1673 3101 1741 3168 ΒΛ.
1766 3103 1812 3181 τίς

265 3217 377 3286 ultima
397 3219 509 3290 rocula
531 3227 662 3308 excepta
682 3227 786 3290 totum
809 3219 975 3305 Obremylo
997 3221 1199 3292 tribuendum
1221 3223 1317 3292 etsie
1337 3221 1590 3292 constituendum
1605 3225 1753 3313 proponit
1768 3225 1854 3309 Kap-

264 3357 413 3422 peymus:

521 3463 581 3528 XP.
603 3461 639 3528 ἐν
661 3461 711 3552 τῷ
731 3463 943 3550 paratomon
962 3458 1009 3548 μαὶ
1031 3462 1095 3528 Δία.
1118 3461 1169 3528 δεῖ
1188 3459 1250 3550 yde
1274 3465 1384 3551 πρῶτα
1405 3499 1449 3512 --
1470 3463 1534 3529 BA.
1559 3463 1599 3540 τίς

266 3597 360 3664 »Chr
384 3597 468 3665 Num
489 3605 583 3684 potos
604 3620 672 3670 rem
692 3601 756 3668 iam
776 3603 810 3668 in
832 3620 870 3698 eo
892 3619 962 3670 esse
983 3605 1021 3669 ot
1041 3601 1150 3668 amieis
1171 3601 1250 3668 meis
1272 3600 1312 3668 de
1334 3601 1426 3668 Pluto
1448 3601 1610 3685 impertire
1621 3600 1761 3683 possim?
1783 3602 1854 3686 vab,

266 3717 430 3786 minimel«
459 3719 520 3793 ιΟὐ
541 3720 574 3787 in
597 3719 631 3786 ἐν
653 3723 906 3790 commutandum
929 3740 999 3791 esse
1020 3722 1089 3806 ipse
1111 3721 1314 3802 conieceram,
1337 3719 1393 3789 sed
1415 3722 1669 3804 interrogationis
1690 3722 1780 3805 signo
1802 3721 1855 3792 de·

262 3835 326 3905 leto
351 3837 397 3924 μὰ
426 3837 482 3904 Δία
509 3859 579 3908 eum
607 3841 653 3909 eis
681 3861 763 3926 quae
783 3845 973 3912 antecedunt
1004 3843 1256 3927 coniungendam
1271 3859 1348 3911 esse
1368 3848 1459 3912 ratus
1484 3843 1532 3910 ita
1559 3847 1596 3910 ut
1626 3842 1855 3928 Obremylusa

268 3955 467 4040 Blepsidemo
489 3959 518 4024 ri
538 3962 620 4051 φὴε;
642 3964 746 4031 uerbis
767 3964 980 4048 interrogatus
1002 3980 1085 4032 nunc
1106 3982 1164 4047 pro
1186 3961 1220 4028 ἐν
1243 3963 1344 4051 τούτῳ
1366 3964 1408 4031 ad
1422 3963 1667 4050 intellegendum
1688 3965 1793 4049 aptius
1818 3962 1853 4028 ἐν
1967 3955 1969 3958 ’

265 4084 312 4162 τῷ
330 4077 520 4162 μεταδοῦναι
542 4081 627 4149 dicut
648 4082 756 4150 addim
775 4083 822 4168 ρὰ
842 4083 900 4150 Δία
920 4084 1055 4152 formula
1074 4084 1209 4152 iurandi.

366 4197 435 4268 Hoe
455 4200 525 4270 loco
547 4203 688 4270 codicum
709 4203 807 4274 verba
828 4223 891 4272 non
912 4207 1111 4288 mutadmus,
1143 4212 1179 4275 ut
1201 4207 1293 4274 aliter
1320 4226 1358 4274 ea
1387 4207 1575 4274 distribuere
1600 4223 1774 4290 possemus,
1796 4205 1853 4274 sed

265 4313 349 4396 quia,
371 4321 444 4384 utut
464 4320 743 4405 distribuebantur,
766 4325 1029 4409 praepositionem
1052 4327 1317 4396 desiderabamus.
1361 4327 1445 4395 illud
1466 4328 1666 4396 commissum
1687 4331 1737 4395 est
1757 4345 1787 4394 u.
1810 4331 1853 4392 44

265 4452 285 4502 a
308 4431 436 4506 coorto.
478 4439 651 4526 Postquam
673 4443 859 4530 Obremylos
880 4445 1034 4530 Apollinis
1057 4447 1219 4516 oraculum
1240 4447 1389 4530 narrarit
1413 4445 1508 4516 Cario
1528 4447 1624 4532 uulgo
1649 4445 1731 4514 bane
1757 4445 1853 4514 inter-

263 4553 460 4638 rogationem
480 4560 668 4648 interponit:

774 4686 823 4752 aad
845 4688 892 4774 τῷ
913 4687 1071 4776 ξυναντᾷς
1092 4687 1172 4777 δῆτα
1193 4689 1313 4778 πρώτῳ
1320 4712 1333 4773 ,·

262 4797 314 4866 eui
335 4797 536 4885 Obremplus:
618 4839 620 4846 .

1347 4929 1475 5018 τουτῳί·

265 5039 326 5120 Qui
355 5042 476 5124 primus
503 5043 535 5110 in
562 5044 622 5114 boe
649 5063 743 5116 versu
769 5047 916 5132 offendit,
944 5051 1219 5119 Hemsterbusium
1248 5051 1497 5120 emendationem
1526 5069 1632 5118 suam:
1660 5051 1721 5116 καὶ
1750 5047 1850 5138 τῷδε
