4708 5912
1230 645 1249 706 6

1138 734 1338 744 *b*-

447 841 584 910 voluisse
606 861 667 925 quo
690 864 718 911 v.
744 849 805 911 548
828 845 930 913 verbis
953 849 1015 909 τῶν
1038 851 1169 937 πτωχῶν
1199 845 1228 912 δ’
1253 849 1459 936 ὑπεκρούσω,
1482 871 1510 916 v.
1536 857 1596 919 553
1620 855 1684 924 τοῖς
1705 852 1808 940 ἔργοις
1830 857 2033 946 προσέχοντα,

446 982 475 1029 v.
494 967 552 1030 561
579 967 642 1035 τοῖς
664 965 791 1055 ἐχθροῖς
812 967 943 1052 ἀνιαροί,
967 986 995 1031 v.
1013 973 1074 1034 565
1092 970 1165 1042 τοὺς
1186 971 1308 1060 τοίχους
1328 972 1508 1058 διορύττειν,
1530 993 1559 1038 v.
1578 981 1638 1041 570
1662 984 1709 1062 τῷ
1732 976 1826 1064 δῆμον
1849 975 2033 1061 πολεμοῦσιν

446 1102 483 1150 ae
509 1085 636 1168 Bergkii
661 1088 871 1154 coniecturam
905 1091 1149 1172 comprobarem.
1195 1095 1238 1160 At
1265 1113 1337 1161 mou
1364 1094 1503 1161 intellexi
1531 1101 1616 1163 recte
1650 1097 1712 1162 dici
1745 1097 1909 1186 κοσμιότης
1949 1099 2032 1174 οἰκεῖ,

446 1203 582 1270 absurde
611 1204 746 1290 ὑβρίζειν
774 1208 823 1273 vel
851 1207 1024 1295 ἐνυβρίζειν
1047 1213 1129 1276 σίκεί.
1176 1212 1289 1295 ltaque
1311 1233 1395 1281 nunc
1417 1216 1554 1300 Reisigio
1578 1216 1716 1284 Coniect.
1740 1237 1770 1300 p.
1795 1223 1856 1284 250
1879 1225 1912 1285 et
1932 1219 2033 1284 Fritz·

445 1324 531 1391 schio
554 1325 592 1392 ad
616 1326 739 1393 Thesm.
764 1333 825 1394 720
853 1329 885 1395 in
909 1331 1091 1399 Rauennme
1113 1330 1179 1397 ἔστ’
1203 1335 1352 1401 omissum
1374 1337 1406 1401 in
1429 1336 1541 1404 ceteris
1565 1334 1628 1402 ἐστ’
1652 1338 1874 1424 ἐνυβρίζειν
1896 1341 1928 1406 in
1952 1339 2032 1404 ἐστίν

446 1444 585 1531 ὑβρίζειν
607 1453 789 1530 corruptum
812 1469 881 1518 esse
904 1452 1003 1519 uideri
1025 1452 1170 1520 lubenter
1198 1456 1344 1521 concedo.
1389 1456 1543 1523 Nimirum
1566 1459 1696 1524 verbum
1718 1461 1931 1543 compositum,
1948 1462 2031 1542 quod

444 1586 501 1650 per
523 1585 630 1634 omnes
645 1570 760 1638 atticae
783 1573 961 1639 comoediae
983 1575 1132 1657 reliquias
1153 1575 1272 1642 trustra
1292 1579 1457 1658 quaeritur
1480 1585 1608 1660 excepto
1636 1599 1698 1646 uno
1720 1580 1788 1647 loco
1810 1581 1933 1647 Thesm.
1958 1587 2029 1662 720,

445 1689 499 1756 ubi
522 1688 554 1754 in
577 1691 700 1758 chorico
723 1689 845 1775 legitur,
868 1694 899 1759 in
923 1695 1099 1761 trimetrum
1122 1716 1320 1781 nequaquam
1344 1699 1535 1782 exciperem,
1557 1700 1589 1766 in
1619 1701 1819 1784 anapaestico
1850 1675 2031 1769 tetrametio

447 1811 687 1894 Aristophanem
710 1814 841 1895 simplici
863 1814 1051 1897 praetulisse
1073 1815 1165 1884 facile
1188 1816 1289 1884 credo.

548 1950 576 1997 u.
599 1938 681 2000 1088
703 1951 749 2016 sq.
772 1933 837 2001 iere
859 1937 1023 2003 scribitur:

795 2051 863 2119 ἀλλ’
888 2052 977 2121 εἴσιθ’
1003 2055 1089 2121 εἴσω·
1112 2066 1158 2145 τῷ
1183 2056 1255 2145 θεῷ
1277 2059 1338 2146 γὰρ
1359 2059 1512 2145 βούλομαι

795 2173 897 2241 eldea
920 2175 1082 2242 cinericium
1104 2180 1177 2251 τοὺς
1198 2183 1377 2268 στεφάνους
1400 2179 1509 2246 τούσδ’
1533 2179 1589 2251 οὓς
1612 2177 1682 2269 ἔχω.

445 2291 610 2362 &vennas
633 2297 719 2363 solus
734 2316 790 2379 pro
814 2296 871 2369 οὓς
885 2299 1011 2366 exhibet
1025 2301 1078 2371 ὡς.
1110 2301 1284 2369 hlainehius
1299 2303 1390 2369 Vind.
1405 2323 1435 2387 p.
1453 2307 1513 2367 222
1530 2302 1607 2369 haec
1626 2301 1714 2367 dicit:
1741 2301 1921 2367 »Postrema
1936 2299 2032 2366 verba

445 2417 522 2484 satis
545 2417 649 2485 ieiuna
671 2425 759 2498 sunt,
781 2437 818 2486 ac
840 2420 943 2487 nescio
966 2439 1006 2488 an
1028 2427 1122 2505 poeta
1144 2424 1306 2506 scripserit
1327 2425 1373 2494 ὡς
1395 2421 1474 2512 ἔχω,
1498 2420 1683 2505 confestim,
1707 2421 1790 2505 quod
1812 2419 1957 2504 frequens
1981 2427 2030 2488 cst

444 2537 646 2622 Aristophani
667 2538 789 2607 dicendi
811 2559 919 2623 genus,
941 2542 1098 2624 habetque
1119 2543 1178 2611 hoo
1200 2545 1302 2627 ipsum
1325 2546 1402 2610 Rau.
1426 2543 1480 2610 cir.
1505 2544 1584 2627 Equ.
1608 2549 1671 2608 488
1695 2546 1818 2628 πρῶτον
1842 2540 1875 2604 d‘
1898 2541 1944 2611 ὡς
1967 2539 2029 2629 ἔχω

445 2659 501 2730 τὰς
526 2659 641 2729 κοιλίας
667 2661 716 2723 καλ
745 2661 801 2732 τὰς
818 2663 977 2751 μαχαίρας
998 2661 1108 2729 ἐνθαδὶ
1129 2661 1375 2755 καταθήσομαι(
1413 2665 1500 2732 Haec
1522 2683 1579 2748 ego
1601 2665 1732 2746 probavi
1748 2663 1851 2729 Goett.
1875 2663 1934 2745 gel.
1952 2665 2028 2728 Anz.

446 2784 527 2846 1866
550 2800 580 2863 p.
607 2787 666 2846 155
690 2789 723 2848 et
744 2783 889 2864 probauit
911 2785 1123 2868 KappeyniuS,
1147 2787 1200 2868 qui
1224 2791 1346 2852 tantum
1369 2803 1431 2853 non
1453 2787 1572 2868 recepit
1594 2785 1702 2868 optimi
1725 2783 1840 2850 codicis
1862 2781 2028 2849 lectionem

443 2901 601 2986 optimam.
647 2901 709 2968 Sed
731 2905 764 2970 id
786 2923 866 2987 nego
889 2905 935 2976 ὡς
956 2903 1018 2994 ἔχω
1040 2907 1189 2974 1ιοοΙοοο
1212 2925 1281 2974 esso
1303 2908 1387 2990 qnod
1410 2907 1513 2973 Latini
1544 2903 1710 2992 confesn'm
1740 2904 1848 2970 dicunt
1868 2903 1917 2969 uel
1939 2901 2031 2966 oolla

443 3046 534 3088 mora
557 3024 754 3111 ιὀιονροιίιο.
798 3025 885 3092 Haec
907 3027 988 3092 enim
1012 3027 1124 3110 agendi
1148 3027 1293 3094 celeritas
1315 3047 1376 3094 non
1400 3035 1449 3094 est
1471 3027 1687 3106 adolescentis,
1703 3025 1756 3108 qui
1771 3024 1842 3090 inde
1865 3041 1927 3088 av.
1946 3027 2027 3088 1042

444 3165 489 3229 sq.
517 3145 670 3227 propositi
707 3146 870 3212 immemor
896 3165 966 3212 cnm
990 3145 1154 3232 Chremylo
1177 3167 1213 3215 ae
1235 3149 1340 3215 vetula
1363 3147 1543 3215 conlocutus
1566 3148 1615 3213 sit.
1664 3145 1747 3225 Quid
1769 3145 1826 3210 hoc
1856 3145 1922 3210 loco
1952 3141 2029 3209 illud

443 3267 489 3337 ab<
516 3264 578 3356 ἔχω
601 3267 652 3349 811,
681 3267 759 3334 disci
781 3273 886 3352 potest
908 3287 945 3334 ex
973 3269 1046 3352 Lys.
1077 3275 1147 3336 609.
1176 3288 1221 3352 sq.
1254 3273 1288 3359 νὴ
1319 3271 1369 3334 τὸν
1396 3267 1444 3334 Δί’
1474 3269 1551 3333 ἀλλὰ
1576 3271 1640 3337 τοῖς
1668 3264 1856 3354 προβούλοις
1883 3263 2026 3352 ἄντικρυς

443 3385 577 3471 ἐμαυτὸν
594 3385 737 3462 ἐπιδείξω
757 3387 898 3471 βαδίζων
921 3390 967 3459 ὡς
983 3387 1054 3477 ἔχω,
1073 3391 1128 3457 uhi
1150 3389 1282 3474 adparet
1299 3391 1464 3472 probolam
1483 3391 1523 3456 ad
1541 3409 1612 3458 eum
1631 3387 1773 3454 habiturn
1791 3386 1954 3470 respicere,
1967 3404 2048 3469 qno¹

443 3506 610 3574 mulierum
622 3507 772 3575 beneficio
790 3511 949 3577 utebatur.
974 3513 1077 3590 Atque
1088 3510 1119 3575 id
1132 3511 1245 3576 summi
1256 3511 1403 3577 momenti
1415 3515 1472 3590 est,
1489 3511 1535 3580 ὡς
1549 3507 1611 3599 ἔχω
1623 3508 1810 3574 locutionem
1822 3525 1894 3573 enm
1909 3510 2026 3572 statum

443 3625 633 3712 significare,
656 3629 688 3694 in
711 3648 772 3714 quo
796 3631 908 3712 aliquis
931 3632 1049 3713 aliquid
1071 3637 1161 3714 agat;
1184 3631 1237 3715 qui
1253 3633 1280 3697 si
1295 3630 1336 3696 ad
1351 3631 1506 3714 agendam
1521 3630 1658 3696 nondum
1674 3630 1714 3697 ab
1730 3630 1814 3695 omni
1829 3633 1919 3712 parte
1934 3633 2028 3709 aptus
2058 3639 2064 3650 ·

443 3753 501 3829 est,
521 3749 665 3816 celeritas
677 3749 731 3814 illa
743 3749 900 3818 locutione
911 3752 1076 3833 indicatur,
1095 3769 1158 3833 qua
1168 3753 1196 3818 is
1208 3753 1257 3819 uel
1267 3770 1328 3818 non
1340 3757 1469 3835 paratus
1481 3770 1574 3833 agere
1586 3751 1727 3834 incipiat;
1747 3751 1774 3816 si
1789 3749 2028 3816 autemillesta-

442 3876 495 3936 tns
518 3870 546 3936 is
564 3875 621 3952 est,
650 3891 688 3937 cs
706 3889 769 3953 quo
791 3873 902 3956 aliquis
920 3872 1045 3940 tandem
1062 3873 1230 3957 aliquando
1249 3891 1408 3954 emergere
1425 3872 1508 3952 velit,
1539 3871 1601 3936 illis
1624 3869 1782 3938 vocabulis
1802 3869 1868 3937 iere
1887 3869 1968 3934 idern
1989 3869 2028 3934 si-

443 3989 585 4073 gnificari
600 3997 710 4075 potest
732 3992 817 4076 quod
837 3994 934 4060 latine
959 3993 1123 4060 ›tandem‹
1139 3993 1300 4060 uocabulo.
1338 3991 1390 4059 Sic
1406 3993 1555 4077 Equitum
1578 3992 1631 4058 illo
1653 3993 1730 4074 loco,
1746 4010 1838 4077 quem
1854 3988 2030 4057 Meinelrius

443 4113 568 4194 adtulit,
591 4113 769 4180 insicinrins
792 4113 865 4181 inde
885 4133 943 4181 aa.
960 4120 1020 4180 150
1043 4115 1075 4180 in
1092 4133 1206 4181 scaena
1221 4119 1364 4181 versatus
1382 4114 1569 4196 adparatum
1587 4131 1678 4180 sunm
1695 4119 1810 4198 portat,
1834 4131 1926 4197 quern
1946 4129 2030 4178 nnnc

438 4211 569 4301 'modern
584 4235 745 4320 deponere
760 4235 842 4317 licet,
857 4241 1023 4318 postquam
1040 4255 1188 4319 magnum
1202 4235 1279 4303 illud
1294 4255 1417 4319 munus,
1433 4255 1495 4320 quo
1511 4235 1713 4320 dignissimus
1727 4239 1777 4300 est
1792 4236 1945 4314 inventus,
1962 4251 2030 4298 sns-

441 4354 544 4438 cipere
566 4357 738 4423 consthuit.
784 4355 835 4423 Sic
855 4361 949 4424 etiam
969 4357 1020 4425 illo
1039 4356 1123 4424 Pluti
1144 4358 1213 4424 loco
1235 4357 1416 4424 adolescens
1440 4354 1565 4420 eandem
1587 4375 1621 4421 se
1648 4355 1864 4436 depositorum
1887 4373 1956 4421 esse
1978 4373 2029 4420 co-

442 4495 550 4559 ronas,
573 4496 651 4562 quas
674 4495 773 4562 usque
795 4475 899 4544 ferens
930 4478 1134 4560 adpamerat,
1164 4477 1210 4548 ὡς
1239 4475 1301 4567 ἔχω
1329 4478 1432 4544 uerbis
1461 4474 1625 4560 signifieat.
1668 4475 1808 4541 Utuaro
1830 4474 1978 4541 hocloco
2001 4472 2030 4540 ei

442 4598 603 4681 uocabulo,
628 4617 690 4682 quo
713 4602 750 4663 ut
772 4600 818 4664 ita
841 4598 943 4664 dicam
966 4599 1062 4665 totius
1085 4597 1274 4665 condicionis
1296 4617 1417 4665 summa
1439 4598 1627 4678 continetur,
1656 4596 1935 4664 demonstrativum
1961 4614 2028 4678 pro·

443 4737 556 4785 nomen
577 4719 720 4785 additum
743 4724 801 4802 est,
826 4719 871 4785 sic
893 4719 988 4785 etiam
1011 4719 1082 4803 Lys.
1107 4724 1169 4785 376
1192 4719 1247 4784 οὐκ
1268 4719 1341 4783 (ribot
1361 4717 1396 4783 σ’
1420 4719 1448 4782 εί
1469 4720 1513 4806 τῇ
1539 4717 1571 4780 δ’
1601 4718 1651 4788 ὡς
1678 4715 1752 4808 ἔχω
1783 4725 1828 4807 τῇ
1856 4718 2030 4800 λαμπάδι

445 4837 620 4916 σταθεύσω,
644 4842 732 4907 cuins
754 4841 815 4906 loci
837 4840 1007 4907 similitudo
1029 4859 1121 4925 spero
1140 4840 1208 4908 iore
1228 4847 1266 4907 ut
1288 4841 1382 4906 etiam
1405 4841 1433 4906 ei
1456 4858 1579 4906 omnem
1594 4838 1821 4907 dubitationem
1836 4840 1960 4918 eximat,
1978 4841 2028 4908 cui

441 4960 544 5029 adhue
565 4981 627 5027 non
649 4962 863 5047 persuasimus
886 4983 914 5028 u.
941 4967 1021 5029 1089
1045 4983 1083 5030 ex
1105 4962 1286 5030 Ravenmte
1309 4961 1355 5030 ὡς
1376 4956 1437 5049 ἔχω
1460 4957 1672 5044 reciptendnm
1695 4977 1773 5028 esse.
1782 4960 1812 5042 *1

510 5115 538 5185 ')
565 5118 657 5172 Mirum
683 5127 734 5182 est,
758 5119 952 5186 Aristophanem
975 5125 1073 5187 praeter
1097 5117 1168 5171 Ecsl.
1195 5118 1246 5174 533
1269 5113 1329 5166 ἀλλ’
1360 5111 1456 5184 ὥσπερ
1481 5111 1554 5188 είχσν
1574 5112 1680 5186 ᾠχόμην
1707 5117 1749 5182 (al.
1774 5115 1876 5184 Autiph.
1900 5113 1971 5168 Com.
1993 5113 2028 5168 111

440 5223 466 5275 p·
481 5207 542 5276 114)
559 5205 654 5274 uhiqns
671 5204 710 5264 ὡς
728 5203 782 5276 ἔχω
799 5205 938 5276 scripsisse,
957 5221 1014 5260 snm
1026 5207 1157 5277 scriptores
1174 5203 1465 5273 saepenominatis.
1475 5203 1539 5262 Xan.
1553 5203 1634 5258 Anah.
1646 5203 1691 5270 lV,
1706 5208 1728 5270 1,
1743 5205 1782 5259 19.
1795 5203 1887 5272 Cyrop.
1906 5201 1951 5266 111,
1965 5207 1987 5266 1.
2002 5202 2028 5256 7.
