4708 5912
1244 609 1285 670 42

472 806 606 878 σιλεὺς
628 807 690 871 κτλ.
714 843 754 854 -
777 826 807 873 v.
832 811 893 873 180
916 807 934 868 ὁ
961 806 1149 892 Τιμοθέου
1173 809 1214 872 δὲ
1237 809 1386 896 πύργος
1406 809 1466 874 ιιτλ.
1491 808 1618 876 Carioni
1632 809 1753 885 tribuit,
1768 809 1814 874 ita
1829 815 1865 878 ut
1878 808 1931 876 ille
1947 827 2053 877 omnes

472 929 701 1012 adfirmatiras,
734 929 785 996 hic
810 929 1058 1024 'interrogativas
1080 931 1312 998 enuntiationes
1340 949 1447 996 omnes
1476 928 1626 1014 proferat
1668 930 1760 996 Hanc
1782 929 2054 1014 rationemprop

471 1054 558 1117 terea
580 1050 731 1135 improbo,
755 1051 840 1132 quod
861 1057 899 1117 ut
913 1051 1023 1118 Gobeti
1045 1052 1149 1119 verbis
1172 1052 1301 1136 (Mnem.
1325 1052 1369 1119 VI
1391 1070 1421 1133 p.
1446 1055 1517 1117 368.
1540 1050 1579 1116 N.
1602 1049 1638 1116 L.
1661 1069 1693 1133 p.
1715 1049 1792 1134 435)
1814 1055 1889 1116 uter
1912 1049 2056 1117 »notissi-

469 1188 554 1236 mum
577 1177 626 1237 est
648 1170 685 1234 de'
705 1194 742 1253 γε
763 1171 910 1254 usurpari
939 1173 1039 1239 solere
1065 1190 1162 1256 quum
1191 1173 1273 1238 duae
1301 1191 1353 1239 res
1382 1173 1428 1237 ita
1455 1171 1539 1236 inter
1567 1189 1602 1238 se
1624 1175 1864 1254 componuntur,
1894 1176 1932 1236 ut
1952 1171 2055 1238 altera

473 1291 544 1373 plus
566 1290 682 1358 habeat
703 1293 865 1376 ponderis3
888 1298 1079 1376 quapropter
1100 1293 1132 1358 iu
1154 1292 1264 1376 iurgiis
1285 1291 1572 1374 frequentissimum
1595 1297 1653 1370 est,
1676 1291 1731 1357 ubi
1753 1289 1790 1353 δέ
1811 1313 1847 1373 γε
1869 1308 2055 1373 responsan-

467 1411 509 1477 tis
532 1417 636 1479 estet
658 1411 822 1480 maledicto
845 1412 1054 1490 maledictum,
1077 1413 1215 1481 convicio
1238 1413 1411 1480 convicium
1432 1412 1560 1494 gravius
1580 1411 1790 1493 reponente«
1822 1409 1973 1478 Similiter
1994 1411 2054 1478 hoc

467 1531 535 1599 loco
560 1551 609 1599 ιι.
635 1537 802 1598 lot-168
825 1533 862 1596 δέ
884 1556 920 1616 γε
941 1533 1041 1600 conici
1062 1533 1137 1600 licet
1159 1551 1282 1616 semper
1303 1535 1371 1599 eins
1386 1550 1472 1615 esse,
1501 1532 1555 1612 qui
1584 1531 1717 1598 alternin
1740 1550 1892 1613 superare
1913 1537 1947 1598 et
1969 1531 2054 1612 quod

466 1653 493 1718 is
516 1653 638 1719 dixerat
659 1673 776 1737 augere
798 1654 934 1732 studeat,
956 1654 989 1720 id
1011 1655 1094 1738 quod
1116 1654 1316 1736 Hirschigius
1338 1651 1448 1720 Philol.
1473 1653 1511 1720 V.
1533 1670 1563 1734 p.
1582 1657 1643 1718 279
1666 1657 1752 1718 rente
1774 1650 1956 1718 inlustravit
1970 1651 2054 1718 simi-

465 1771 599 1840 litudine
627 1774 760 1840 duorum
789 1775 928 1842 locorum
959 1775 1035 1842 Acir.
1061 1780 1144 1840 1104
1166 1794 1213 1858 sq.
1242 1775 1549 1857 collocassem,
1579 1773 1633 1839 ubi
1656 1771 1693 1836 δέ
1714 1793 1751 1855 γε
1772 1771 1884 1840 eodem
1905 1772 1999 1840 modo
2020 1770 2053 1838 in
2092 1787 2095 1794 ’

466 1893 631 1974 conloquio
657 1894 751 1976 paulo
780 1895 982 1962 concitatiore
1009 1898 1192 1976 usurpetur.
1237 1895 1306 1963 Hac
1334 1895 1372 1962 de
1401 1913 1497 1961 causa
1524 1891 1812 1978 Equ.1204dyd
1840 1891 1875 1956 d'
1905 1889 2053 1958 ἐκινδύ·

465 2013 586 2091 νενσ’,
610 2011 685 2098 ἐγὼ
708 2013 742 2078 δ’
764 2011 920 2104 ὤπτησά
940 2037 983 2100 γε
1004 2033 1131 2083 versum
1152 2017 1235 2082 inter
1257 2016 1455 2082 Insiciarium
1475 1989 1512 2082 et*
1537 2013 1685 2080 Cleonem
1707 2013 1961 2080 distribuendum
1983 2031 2053 2081 esse

464 2153 586 2202 censeo.
631 2135 669 2202 Id
693 2137 774 2202 enim
795 2156 854 2220 pro
877 2141 963 2204 certo
985 2138 1097 2214 tabeo,
1119 2137 1355 2205 similitudinem
1377 2137 1423 2204 rei
1445 2136 1529 2220 apud
1550 2134 1663 2218 Pylum
1683 2132 1786 2200 {acme
1808 2132 1948 2214 furtique
1968 2135 2052 2218 lepo-

462 2273 534 2320 rum
555 2256 667 2338 utique
688 2274 758 2324 esse
780 2258 965 2340 tenendam·
993 2259 1077 2339 quod
1099 2257 1136 2324 fit
1157 2257 1184 2323 si
1207 2259 1241 2322 τὸ
1264 2255 1451 2320 κινδυνεύειν
1473 2254 1650 2336 Insicierio,
1680 2255 1735 2336 qni
1754 2273 1817 2321 non
1839 2255 1959 2323 minore
1980 2273 2051 2323 cum

462 2375 602 2458 periculo
624 2374 743 2442 furtum
766 2394 801 2444 ae
822 2378 1016 2444 commisisse
1038 2377 1186 2444 simulare
1208 2369 1314 2462 potest
1335 2397 1429 2462 quam
1444 2395 1514 2446 cum
1531 2394 1593 2460 quo
1609 2375 1684 2442 (llco
1698 2375 1902 2444 Demostheni
1916 2375 2050 2458 gloriam

463 2502 667 2579 surrepturus
688 2497 855 2580 imperium
876 2503 1070 2581 susceperat,
1093 2499 1127 2562 τὸ
1148 2499 1244 2562 ὀπτᾶν
1267 2518 1341 2566 vero
1364 2497 1474 2566 Cleoni
1496 2498 1655 2579 tribuitur,
1683 2496 1740 2581 qui
1761 2515 1843 2564 nunc
1863 2494 2046 2561 Demosthe·

462 2618 511 2684 nis
534 2623 641 2700 partes
663 2636 761 2700 agens
790 2624 827 2702 ut
855 2619 907 2686 ille
936 2620 1040 2686 omnia
1066 2616 1108 2684 ad
1137 2620 1303 2702 capiendos
1332 2619 1596 2688 Lacedaemonios
1624 2619 1670 2686 sic
1691 2619 1759 2701 ipse
1781 2616 1823 2684 ad
1843 2615 2042 2683 comedendos

459 2738 584 2822 lepores
604 2743 782 2822 paraverat.
825 2740 894 2806 Hac
915 2741 1174 2823 interpretatione
1197 2741 1385 2808 necessitate
1401 2742 1536 2825 quadam
1552 2759 1589 2808 eo
1611 2739 1805 2815 adducimur,
1828 2742 1865 2804 ut
1878 2735 2045 2802 antehnnc

459 2877 585 2927 uersum
608 2859 849 2943 Aristophanem
878 2861 1066 2928 coniciamus
1089 2861 1236 2929 Cleonem
1257 2862 1377 2946 aliquid
1396 2863 1645 2944 interponentem
1675 2858 1797 2940 iecisse,
1826 2857 1912 2941 quod
1933 2865 2047 2939 tempo

459 2997 531 3044 rnm
552 2980 669 3047 iniuria
689 2981 793 3064 periit.
837 2981 883 3048 Ut
903 2986 1010 3048 autem
1033 2981 1075 3048 ad
1096 2981 1226 3048 Plutum
1247 2983 1423 3066 redeamus,
1446 3001 1485 3050 ex
1505 2982 1561 3050 illa
1582 2980 1801 3049 observatione
1828 2983 1866 3046 ut
1888 2975 2048 3060 consequi·
2144 2993 2153 3008 ·

459 3105 522 3182 tur,
543 3101 666 3184 priores
688 3121 798 3170 rersns
819 3121 883 3170 non
905 3102 1071 3186 Chremylo
1093 3103 1321 3170 continuandos
1343 3121 1423 3186 esse,
1445 3103 1502 3172 sed
1522 3103 1606 3170 inter
1626 3113 1716 3170 erum
1738 3119 1776 3168 aa
1796 3115 1924 3167 serrum
1945 3097 2049 3164 distri·

459 3221 616 3306 buendos,
637 3224 684 3290 ita
705 3225 896 3307 posteriores
918 3243 980 3292 non
992 3223 1119 3291 Carioni
1141 3223 1199 3290 soli
1222 3223 1316 3292 dandi
1338 3242 1407 3294 ease
1428 3229 1597 3308 propterea
1611 3223 1758 3290 ridentur
1772 3222 1856 3304 quod
1872 3217 2050 3300 promiscua

457 3360 508 3410 ιι.
533 3343 605 3408 170.
630 3349 701 3408 171.
726 3347 796 3408 173.
822 3348 894 3408 174.
919 3348 978 3410 176
1001 3344 1184 3427 pronomine
1206 3343 1462 3422 demonstrativo,
1485 3361 1535 3412 ιι.
1561 3348 1631 3412 172.
1656 3347 1727 3408 177.
1753 3345 1822 3408 173.
1849 3343 1909 3408 179
1937 3357 2049 3420 prono

458 3461 542 3529 mine
563 3463 721 3543 personali
750 3463 850 3530 altero
879 3462 991 3530 Plutus
1019 3462 1214 3546 significatur
1242 3464 1292 3532 rel
1319 3463 1505 3547 adpellatur.
1550 3461 1619 3530 Hoc
1646 3461 1816 3528 discrimen
1844 3476 1907 3526 non
1937 3455 2047 3554 dubito

458 3582 535 3666 quin
557 3601 653 3650 cause
674 3581 780 3660 luerit,
802 3601 859 3650 cur
880 3581 1038 3669 Bergkius
1060 3585 1118 3653 hos
1140 3604 1266 3652 versus:

768 3759 829 3823 170
851 3773 898 3840 sq.
918 3755 1020 3841 μέγας
1041 3755 1078 3822 δὲ
1097 3757 1250 3842 βασιλεὺς
1270 3755 1336 3846 οὐχὶ
1357 3755 1410 3821 διὰ
1432 3757 1540 3821 τοῦτον
1562 3761 1646 3842 κομᾷ
1652 3777 1660 3831 ;

918 3875 1061 3965 ἐκκλησία
1083 3877 1116 3941 d’
1139 3877 1205 3967 οὐχὶ
1226 3877 1278 3943 διὰ
1300 3879 1407 3941 τοῦτον
1430 3875 1576 3960 γίγνεταη

766 4000 828 4064 173
851 4014 899 4081 sq.
922 3995 957 4060 τὸ
980 3991 1009 4060 δ’
1034 3995 1067 4060 ἐν
1090 3995 1236 4084 Κορίνθῳ
1259 3997 1377 4072 ξενικὸν
1399 3997 1456 4087 οὐχ
1477 3993 1570 4068 οὗτος
1590 3995 1717 4084 τρέφεις

920 4119 938 4181 ὁ
959 4115 1126 4206 Πάμφιλος
1146 4116 1179 4181 δ’
1202 4117 1268 4207 οὐχὶ
1290 4117 1341 4182 διὰ
1363 4121 1472 4183 τοῦτον
1493 4115 1673 4190 relationem

768 4241 829 4303 176
914 4233 1077 4326 Ἀγύρριος
1097 4238 1133 4303 δ’
1155 4237 1221 4329 οὐχὶ
1242 4235 1293 4303 διὰ
1315 4241 1424 4304 τοῦτον
1446 4237 1609 4325 πέρδεταις

463 4390 600 4476 Carioni,
623 4391 789 4477 Chremylo
810 4391 869 4459 hos
891 4394 1059 4461 tribueret:

767 4552 827 4616 172
921 4548 951 4613 τί
969 4547 1026 4634 δέ,·
1047 4547 1104 4620 τὰς
1117 4547 1257 4640 τριήρεις
1277 4549 1313 4616 οὐ
1335 4550 1374 4617 σὺ
1398 4551 1526 4640 πληροῖς
1531 4572 1544 4636 ,·
1566 4548 1632 4615 εἰπέ
1650 4571 1715 4634 μοι.

765 4673 827 4736 175
919 4670 937 4733 ὁ
959 4671 1186 4761 Βελονοιιώλης
1206 4669 1242 4736 δ’
1263 4669 1330 4761 οὐχὶ
1348 4671 1430 4756 μετὰ
1451 4672 1506 4736 τοῦ
1527 4667 1709 4756 Παμφίλου;

770 4795 831 4858 177
853 4805 900 4873 sq.
924 4789 1070 4878 Φιλέψιος
1089 4789 1123 4857 d’
1145 4791 1202 4883 οὐχ
1224 4791 1315 4859 ἕνεκα
1337 4795 1394 4859 σοῦ
1414 4791 1540 4878 μύθους
1559 4791 1657 4875 λέγεις

917 4909 937 4999 ἡ
960 4911 1117 5002 ξυμμαχία
1138 4911 1172 4978 δ’
1195 4911 1232 4977 οὐ
1255 4911 1307 4978 διὰ
1328 4911 1366 4978 σὲ
1386 4915 1452 4983 τοῖς
1473 4910 1657 4996 Αλμιπιλοιςς

916 5030 979 5121 ἐρᾷ
1000 5032 1038 5096 δὲ
1058 5031 1136 5102 Λαῒς
1156 5031 1193 5095 οὔ
1216 5031 1268 5096 διὰ
1290 5031 1326 5096 σὲ
1343 5029 1530 5114 Φιλωνίδου;
