4688 5930
1047 630 1086 691 41

973 713 1179 724 w..—

279 833 336 903 sed
359 835 453 901 etiam
475 833 634 900 Meinehio
654 832 837 916 Kappeynio
852 830 1012 897 Dindorfio
1036 832 1178 912 speciosa
1201 828 1417 895 emendatione
1440 826 1601 893 sanavisse
1624 827 1709 893 visus
1732 830 1780 892 est
1796 825 1867 893 Vel-

279 973 374 1024 senus
398 953 503 1037 Symb.
525 953 601 1037 phil.
625 952 724 1019 Bonn.
748 952 764 1017 I
786 971 816 1034 p.
841 956 902 1017 417
926 951 1126 1018 scribendum
1148 951 1320 1017 coniciens:
1349 947 1435 1013 ἐπεὶ
1464 949 1614 1014 τοιοῦτ’
1644 946 1872 1033 Appeteres

284 1073 504 1162 τριβώνιον
525 1072 584 1156 vel,
607 1074 691 1157 quod
714 1070 940 1155 Aristophanes
963 1071 1021 1138 etsi
1045 1071 1244 1155 usurpaverit
1258 1071 1370 1138 horum
1384 1069 1602 1154 pronominum
1618 1067 1733 1134 formas
1748 1068 1781 1134 iu
1796 1086 1871 1135 -o

282 1193 462 1260 desinentes
489 1197 615 1277 praeter
644 1211 713 1274 eas,
742 1210 824 1274 quae
852 1192 886 1258 in
907 1227 950 1240 —
972 1215 1007 1254 ον
1037 1197 1162 1275 exeunt,
1185 1195 1222 1257 nt
1237 1195 1366 1256 τοσοῦτο
1387 1192 1468 1275 Eqn.
1487 1196 1578 1257 1234.
1597 1189 1688 1254 τοῦτο
1703 1190 1786 1256 Plut.
1801 1194 1871 1255 153.

285 1314 369 1382 Nub.
393 1318 465 1382 234.
490 1317 561 1381 663.
583 1315 707 1381 Thesm.
733 1319 795 1380 745
818 1317 982 1379 τυννοῦτον
1004 1319 1037 1381 et
1059 1315 1215 1390 τυννοῦτο,
1239 1318 1343 1380 tamen
1366 1332 1429 1380 non
1451 1312 1597 1378 videatur
1618 1310 1695 1378 illud
1716 1347 1760 1359 -
1782 1335 1799 1373 ο
1822 1329 1873 1377 vo·

283 1434 381 1502 luisse
403 1433 489 1516 elidi,
514 1432 601 1498 ἐπεί
620 1457 663 1519 γε
690 1432 796 1498 τοῦτ’
819 1432 1043 1520 ἀμφέξεται
1070 1434 1299 1521 τριβώνιον.
1344 1433 1464 1514 Quibus
1488 1433 1674 1500 coniecturis
1697 1431 1873 1498 Meiuekius

281 1555 376 1622 Viud.
406 1574 436 1637 p.
461 1559 523 1620 218
551 1573 641 1622 suam
663 1555 799 1623 addidit:
828 1552 913 1620 ἐπεὶ
941 1555 1096 1620 τοιοῦτό
1123 1555 1156 1639 γ’
1184 1557 1328 1643 dapes?
1351 1555 1570 1644 τριβώνιον
1599 1559 1631 1621 et
1652 1553 1871 1636 Kappeynius:

282 1675 367 1741 duel
388 1675 474 1740 τοδί
494 1679 529 1760 γ’
552 1675 777 1764 αρφέξετοι
800 1677 840 1741 τὸ
869 1675 1092 1762 τριβώνιον.
1143 1676 1212 1760 Ego
1239 1677 1323 1742 huuc
1355 1675 1457 1743 locum
1485 1674 1685 1744 emendatum
1714 1692 1783 1740 esse
1812 1692 1875 1740 nou

285 1797 374 1881 potui
395 1797 473 1864 mihi
494 1797 696 1880 persuadere.
742 1793 779 1862 Si
801 1797 884 1863 enim
911 1816 986 1863 vere
1015 1793 1095 1863 dixit
1117 1795 1287 1876 Valsenus,
1318 1796 1367 1860 his
1395 1796 1500 1862 verhis
1528 1794 1766 1880 significandum
1795 1811 1874 1874 esse,

286 1917 409 1986 odorari
432 1918 657 2001 sycophantam
678 1918 728 1985 vel
750 1917 945 2000 praesentire
968 1916 1077 2000 trigue,
1100 1934 1162 1998 quo
1178 1917 1286 1984 Iustus
1308 1917 1402 1999 pallio
1426 1917 1503 1983 trito
1524 1916 1577 1982 illo
1600 1917 1730 1984 indutus
1753 1915 1876 2004 lahora-

285 2043 377 2105 turus
399 2038 455 2121 sit,
485 2039 728 2122 Aristophanem
750 2039 951 2120 miratione,
982 2038 1036 2122 qui
1058 2039 1157 2105 multo
1179 2043 1252 2120 post
1273 2037 1414 2120 agendus
1437 2042 1501 2114 est,
1532 2057 1569 2104 eo
1592 2039 1676 2120 quod
1699 2057 1770 2104 eum
1793 2036 1877 2104 clare

287 2157 538 2242 praedictionis,
568 2163 691 2225 tantum
713 2158 894 2226 festivitatis
917 2159 1084 2226 detrahere
1109 2159 1255 2226 voluisse.
1303 2159 1424 2225 Deinde
1453 2178 1524 2226 cum
1553 2159 1612 2226 hoc
1634 2158 1777 2226 Curionis
1806 2177 1876 2225 cou-

288 2277 393 2346 ailiam
415 2297 478 2346 nou
500 2279 721 2362 sycophantae,
744 2280 801 2348 sed
823 2282 869 2348 eia
891 2284 1025 2362 mutum,
1047 2280 1101 2364 qui
1124 2279 1303 2360 audiebant,
1328 2279 1444 2363 aperiri
1467 2283 1710 2347 consentaneum
1733 2280 1792 2354 sit,
1815 2297 1878 2363 quo

288 2399 414 2466 modom
438 2399 650 2482 sycophantae
672 2401 770 2468 verba
792 2398 882 2465 ταῦτ’
904 2398 960 2465 οῦν
983 2401 1135 2492 ἀνασχέτ’
1158 2399 1249 2476 ἐστίν,
1274 2399 1301 2464 ὦ
1325 2400 1389 2464 Ζεῦ
1411 2401 1460 2464 οιαὶ
1484 2399 1567 2478 θεοί,
1593 2400 1720 2471 τούτους
1741 2400 1878 2488 ὑβρίζειν

290 2519 335 2590 εἰς
355 2517 425 2605 ἔρ’;
453 2520 624 2604 respiciant
647 2519 786 2604 intellegi
807 2522 925 2607 nequit.
971 2523 1038 2589 Has
1061 2521 1258 2589 difficultates
1282 2539 1352 2589 cum
1376 2520 1435 2602 eis,
1465 2495 1545 2604 qnae
1567 2520 1721 2590 Velseuus
1749 2520 1878 2602 detexit,

289 2641 401 2709 evitari
422 2641 531 2720 video,
561 2643 589 2708 si
611 2641 695 2710 hunc
723 2642 826 2710 locum
854 2661 956 2725 neque
985 2641 1185 2710 emendatum
1215 2661 1317 2726 neque
1346 2642 1574 2722 emendandum
1604 2643 1650 2710 sic
1678 2641 1878 2724 interpretor.

291 2761 393 2844 Gamo,
416 2780 478 2844 qno
500 2762 601 2846 magis
623 2761 835 2846 sycophantae
855 2762 935 2830 iram
958 2768 1162 2847 commoveat,
1189 2782 1252 2847 qua
1273 2763 1355 2831 solet
1375 2764 1571 2847 impudentia
1592 2781 1663 2831 eum
1686 2763 1782 2829 etiam
1803 2780 1880 2844 pau·

291 2882 446 2965 perierem
468 2901 563 2966 quam
586 2903 669 2952 nuuc
691 2884 824 2951 ostiam
846 2886 923 2952 trito
944 2883 1040 2969 pallio
1062 2886 1146 2952 male
1167 2889 1285 2952 tectum
1308 2883 1408 2968 frigus
1430 2885 1559 2951 naribus
1579 2884 1777 2951 haurientem
1791 2883 1881 2967 fingit

188 3011 196 3026 ·
293 3007 326 3068 et
346 3005 430 3087 quod
452 3005 554 3072 solum
575 3003 609 3070 iu
631 3023 668 3072 eo
689 3005 856 3088 pristinam
884 3006 1042 3072 fortunam
1069 3005 1243 3087 referebat,
1272 3005 1404 3088 pallium
1431 3023 1502 3071 cum
1531 3009 1712 3089 contemptu
1742 3007 1880 3070 τοιοῦτον

294 3124 524 3209 -τριβώνιον
547 3127 631 3208 dicit,
654 3131 805 3211 tauquam
827 3145 884 3210 pro
907 3127 1164 3194 vestimentorum
1187 3124 1361 3210 splendore,
1386 3126 1500 3209 quibus
1516 3125 1589 3193 honi
1604 3126 1744 3193 homines
1759 3129 1881 3194 mumta

298 3241 425 3310 fortuna
447 3249 586 3324 utantur,
608 3246 794 3314 vilissimum
818 3247 868 3316 sit.
914 3247 1015 3326 Quam
1037 3247 1217 3329 snperbiam
1239 3247 1308 3315 iure
1330 3246 1524 3332 sycophanta
1546 3248 1689 3314 versibus
1705 3248 1758 3328 qui
1773 3265 1882 3314 secun-

292 3365 347 3429 tur
368 3367 578 3448 conqueritur.
623 3368 669 3435 Ut
690 3371 796 3436 autem
819 3369 860 3436 ad
882 3369 1077 3453 propositum
1099 3369 1275 3446 redeamus,
1297 3368 1330 3436 id
1352 3387 1415 3436 non
1437 3367 1560 3450 dubito,
1585 3369 1660 3452 quin
1682 3367 1779 3435 varha
1800 3385 1881 3450 quaa

293 3488 368 3550 suut
398 3487 451 3549 τοῦ
480 3486 599 3576 ψύχους
620 3487 652 3570 γ’
674 3486 752 3558 ἴσως
773 3486 839 3552 ἐπεὶ
861 3487 1000 3552 τοιοῦτόν
1021 3486 1058 3571 γ’
1082 3488 1252 3577 ἀμπέχεται
1281 3489 1449 3577 τριβώνιον
1471 3488 1598 3555 Carioni
1625 3489 1783 3557 tribuendi
1809 3489 1881 3570 sint,

293 3603 383 3670 cuiue
406 3604 529 3673 dicendi
558 3608 666 3690 generi
695 3627 765 3676 cum
794 3608 911 3691 optime
941 3609 1036 3676 etiam
1065 3607 1269 3695 κακόδαιμον,
1299 3609 1462 3696 ὀσφραίνει
1491 3633 1533 3693 eq
1564 3611 1660 3677 verba
1686 3609 1881 3690 conveniant,

293 3740 365 3790 cum
386 3724 548 3794 Dindorfio
570 3728 673 3796 omnia
695 3728 768 3796 huic
790 3731 845 3797 uni
866 3730 1114 3814 adsignaverim,
1144 3733 1182 3798 ut
1203 3730 1230 3795 is
1253 3748 1272 3796 a
1294 3731 1486 3814 sycophanta
1508 3731 1548 3798 ad
1571 3733 1731 3798 theatrum
1753 3747 1788 3797 se
1810 3747 1882 3797 cou-

292 3849 416 3914 vertere
438 3849 598 3930 putandus
621 3850 671 3917 sit.

395 3964 516 4034 Iterum
539 3969 729 4037 dissentiunt
749 3972 886 4040 editores
909 3974 948 4041 de
963 3992 1011 4040 vv.
1029 3975 1100 4040 926.
1118 3978 1147 4039 7.
1169 3973 1260 4041 Unus
1276 3975 1480 4058 Kappeynius
1494 3973 1592 4040 verba
1621 3991 1702 4057 qnae
1724 3976 1799 4038 sunt
1820 3994 1884 4035 κα-

294 4082 418 4151 τάθου
441 4087 589 4178 ταχέως
609 4088 817 4177 ῦοὶγιᾶτιον
839 4098 872 4161 et
894 4091 1012 4159 ἔπειτ’
1036 4093 1229 4159 ὑπόλυσαι
1251 4094 1387 4178 Carioni,
1411 4095 1499 4160 Iusto
1529 4090 1665 4169 οὗτος,
1696 4093 1756 4156 ool
1777 4091 1883 4175 λέγει

297 4210 330 4272 et
352 4207 476 4273 πάντα
499 4212 619 4276 ταῦτα
641 4214 700 4278 ool
722 4213 829 4300 λέγει
850 4215 972 4298 tribuit
994 4215 1174 4283 Diodorfius
1197 4215 1374 4284 Meinehius
1396 4213 1552 4299 Berghius
1584 4213 1772 4282 contrariam
1793 4231 1884 4296 praa·

250 4407 255 4416 ³
296 4325 439 4396 tulerunt
460 4330 720 4400 distributionem.
755 4333 834 4400 Mihi
848 4333 1026 4418 Kappeynii
1046 4335 1129 4401 ratio
1150 4337 1310 4419 probatur.
1346 4335 1437 4404 Cario
1461 4338 1543 4402 enim
1558 4336 1634 4403 dum
1650 4335 1881 4419 disputabatur,

294 4463 395 4532 usque
417 4452 557 4529 tacebam
580 4454 770 4538 simulatque
791 4459 897 4522 autem
920 4473 1015 4538 agere
1037 4460 1161 4540 tempus
1184 4473 1253 4524 esse
1282 4457 1382 4525 visum
1412 4461 1470 4538 est,
1497 4457 1564 4538 ipse
1594 4456 1712 4539 incipit.
1757 4455 1883 4522 Iustum

293 4572 400 4635 autem
422 4589 462 4638 ue
484 4572 622 4640 voluisse
644 4571 771 4657 quidem
792 4573 1015 4658 sycophantam
1038 4575 1111 4643 exui
1132 4576 1256 4644 videtur
1279 4573 1392 4660 conhgi
1415 4594 1508 4660 posse
1532 4596 1569 4642 ex
1591 4595 1620 4644 v.
1646 4581 1718 4658 937,
1741 4575 1796 4642 ubi
1818 4572 1885 4659 pal·

293 4687 372 4755 lium
392 4705 485 4758 suum
509 4693 549 4760 ad
570 4691 659 4761 illum
680 4692 876 4762 vestiendum
899 4693 1025 4766 Carioni
1046 4696 1172 4764 tradere
1193 4701 1328 4765 recusat

397 4809 576 4880 Admodum
610 4811 743 4881 difficilis
772 4815 916 4900 quaestio
943 4819 993 4883 eat
1019 4815 1059 4883 de
1086 4835 1135 4882 vv.
1168 4821 1336 4884 163-180
1362 4822 1450 4886 recta
1479 4816 1712 4884 distribuendis.
1758 4813 1883 4898 Simpli-

295 4930 454 5000 cisaimam
475 4933 560 5001 viam
582 4932 743 5016 ingressus
765 4941 815 5004 eat
835 4935 1026 5018 Diodorfiue,
1050 4937 1103 5021 qni
1124 4955 1173 5004 vv.
1193 4941 1253 5004 160
1276 4936 1407 5026 τέχναι
1430 4937 1471 5000 δὲ
1494 4941 1619 5001 τᾶοοι
1640 4936 1701 5000 κτλ.
1718 4972 1759 4982 -
1773 4954 1803 5002 v.
1822 4939 1882 5001 168

294 5049 367 5114 ὁδ’
391 5051 793 5144 ἁλαύτγτροιχὸςῦιὰ
815 5057 858 5121 οέ
881 5079 953 5122 που
970 5041 1506 5145 παρατίλλεταιῦῦιτεῐηγΙοζνυ.
1524 5064 1584 5124 170
1604 5058 1726 5143 μέγας
1747 5055 1790 5120 δὲ
1810 5055 1882 5139 βα·

1728 5161 1744 5216 G
