4708 5912
1270 589 1312 650 48

1190 671 1393 684 *μ*-

493 787 693 880 ξυναντᾷς
722 791 820 879 δῆτα
850 791 1006 878 πρώτῳ.
1030 791 1118 855 ΧΡΕ.
1141 789 1289 876 τουτῳί
1308 791 1386 856 nulli
1408 787 1521 856 editori
1549 787 1731 871 probavisse
1758 803 1823 852 non
1849 787 1962 867 miror;
1997 787 2083 871 ch

491 911 624 994 peynius
645 915 751 978 autem
773 910 857 994 quod
880 910 1034 979 Cobetum
1056 917 1184 980 secutus
1204 916 1306 979 totum
1328 927 1454 978 versum
1477 908 1603 976 Carioni
1624 909 1734 976 datum
1755 908 1801 975 sic
1822 908 1963 990 scripsit:

968 1028 1049 1123 κᾷτα
1071 1034 1226 1122 ξυναντᾷς
1247 1033 1328 1121 δῆτα
1351 1031 1469 1119 πρώτῳ
1493 1028 1616 1117 τουτῳί,

491 1151 525 1217 id
546 1152 650 1218 miror.
696 1153 867 1220 Accusator
888 1154 966 1221 Nor.
990 1153 1077 1222 Lect.
1100 1173 1131 1236 p.
1155 1157 1196 1220 28
1217 1153 1295 1220 haec
1317 1151 1407 1220 dicit:
1433 1151 1610 1219 »insulsum
1633 1154 1666 1218 et
1686 1149 1844 1218 inficetum
1867 1153 1926 1232 est,
1940 1149 1973 1216 id
1988 1167 2082 1231 quac·

491 1291 562 1340 rere
577 1292 615 1339 ex
629 1273 704 1340 hero
721 1273 886 1340 Oarionem
908 1275 941 1341 id
960 1292 1021 1356 que
1037 1274 1239 1359 Chremylum
1254 1273 1453 1358 respondere,
1471 1272 1556 1357 quod
1574 1291 1679 1356 neque
1689 1289 1802 1339 servus
1817 1289 1928 1338 scurra
1944 1275 1977 1337 et
1999 1270 2082 1336 calli-

496 1392 564 1473 dus,
588 1412 690 1476 neque
713 1399 927 1478 spectatorum
949 1395 1125 1480 quisquam,
1148 1415 1250 1480 neque
1274 1415 1358 1463 nuno
1378 1393 1531 1462 lectorum
1557 1393 1718 1477 requirere
1740 1397 1874 1476 poterat,
1897 1393 1932 1456 τὸ
1956 1395 2084 1478 πρᾶγμα

495 1512 634 1601 φανερόν
658 1513 750 1590 ἐστιν,
773 1514 848 1578 αὐτὸ
872 1515 932 1603 γὰρ
953 1513 1034 1604 βοᾷ.
1073 1517 1186 1600 Itaque
1209 1514 1301 1582 Cario
1324 1515 1378 1582 ubi
1399 1515 1458 1581 Dei
1479 1520 1682 1599 praeceptum
1704 1513 1836 1593 audivit,
1852 1513 2001 1581 continuo
2016 1511 2085 1580 heri

494 1651 632 1702 errorem
655 1635 775 1704 scilicet
796 1636 947 1720 perspicit
969 1642 1002 1703 et
1015 1617 1070 1702 'ita
1092 1636 1183 1703 dicit:

954 1753 1033 1846 κᾷτα
1056 1758 1211 1846 ξυναντᾷς
1232 1757 1312 1847 δῆτα
1335 1757 1453 1844 πρώτῳ
1477 1757 1597 1846 τουτῳί.
1677 1755 1689 1774 ”

954 1874 1009 1942 εἶτ’
1033 1877 1070 1942 οὐ
1093 1879 1205 1952 ξυνιεῖς
1226 1879 1280 1966 τὴν
1303 1877 1441 1942 διάνοιαν
1464 1881 1517 1942 τοῦ
1539 1875 1657 1961 droth«

494 1996 611 2062 Verum
633 2002 682 2064 est
704 1996 869 2066 (larionem
891 2015 1053 2080 quaerere,
1077 2001 1161 2083 quod
1183 2000 1293 2086 quaeri
1324 2018 1387 2066 non
1408 2017 1488 2082 opus
1511 2004 1569 2076 est,
1584 1999 1640 2066 sed
1656 1998 1783 2080 quaerit
1796 1997 1913 2065 idonea
1927 1997 1968 2065 do
1982 2015 2086 2080 causa,

495 2122 532 2183 ut
552 2115 709 2202 Chremyli
731 2119 904 2185 narrationi
925 2117 1018 2186 finem
1040 2119 1181 2202 imponat
1202 2139 1238 2187 ac
1259 2129 1427 2204 postquam
1454 2118 1638 2203 Chremylus
1666 2117 1874 2200 responderit,
1905 2117 1990 2202 quod
2013 2137 2084 2184 eum

499 2255 724 2321 responsurum
761 2257 830 2306 esse
860 2239 993 2320 sciebat,
1020 2244 1257 2324 praematuram
1291 2239 1409 2306 oraculi
1446 2238 1736 2324 interpretationem
1764 2237 1870 2304 addat.
1915 2237 1967 2304 Ita
1994 2243 2088 2305 antea

494 2375 524 2422 v.
549 2362 588 2424 39
619 2357 777 2442 Chremyli
804 2359 927 2426 tardam
957 2360 1170 2429 narrationem
1200 2362 1283 2428 idem
1313 2360 1406 2428 cario
1435 2361 1610 2428 accelerare
1641 2359 1750 2427 studet
1776 2357 1963 2440 interposita
1994 2359 2087 2426 inter-

493 2479 674 2563 rogatione:
1649 2485 1652 2492 '

904 2601 933 2667 rr'
952 2601 1032 2690 δῆτα
1056 2599 1174 2684 Φοῖβος
1195 2599 1303 2667 ἔλακεν
1326 2602 1445 2667 ἐκτῶν
1468 2604 1666 2689 στερρότατα

496 2721 613 2802 inqua
635 2727 672 2788 ut
692 2722 752 2788 hoc
774 2722 842 2790 loco
865 2722 945 2812 δῆτα
966 2723 1152 2806 particulam
1175 2722 1400 2806 interrogativo
1422 2723 1597 2806 pronomini
1619 2722 1760 2790 additam
1774 2722 1871 2790 vides.

599 2841 657 2908 Vix
678 2848 854 2910 memoratu
877 2844 1005 2926 dignum
1028 2848 1086 2924 est,
1107 2844 1321 2926 Hirschigium
1351 2863 1380 2910 r.
1405 2847 1445 2909 67
1468 2843 1550 2926 λέγω
1571 2845 1604 2910 in
1619 2843 1720 2926 λέγεις
1734 2847 1925 2910 commutato
1940 2840 2083 2923 effecisse,

495 2967 532 3028 ut
553 2981 582 3028 v.
607 2965 647 3027 66
669 2962 813 3031 videatur
836 2961 1001 3047 Chremylo
1023 2964 1201 3031 continuari
1222 2981 1325 3048 posse,
1348 2981 1443 3046 quem
1477 2964 1602 3033 Camoni
1630 2963 1869 3047 relinquendum
1895 2979 1966 3031 esse
1993 2980 2088 3045 supra

497 3081 630 3149 vidimus
653 3083 927 3151 Hcmsterhusium
948 3086 1190 3153 demonstrasse.

596 3223 625 3270 v.
650 3209 692 3272 70
712 3223 759 3289 sq.
783 3205 939 3289 Bergkius
961 3207 1093 3275 coniecit
1114 3205 1313 3276 scribendum
1335 3223 1420 3273 esse:

852 3325 960 3410 ἄπειμ’
983 3324 1023 3390 ἵν’
1046 3324 1167 3390 ἐκεῖθεν
1189 3323 1421 3416 ἐκτραχηλισθῇ
1443 3329 1567 3392 πεσών·

852 3445 922 3509 ἀλλ’
945 3443 1041 3533 ἔρρε
1063 3445 1192 3535 ταχέως.
1220 3447 1307 3513 ΧΡΕ.
1329 3447 1503 3536 μηδαμῶς·
1525 3445 1636 3514 οὔκουν
1658 3446 1758 3534 ἐρεῖς;

496 3564 566 3655 αἶρε
588 3567 619 3634 in
642 3563 720 3654 ἔρρε
742 3569 932 3634 commutato
954 3573 989 3634 et
1008 3569 1150 3651 personis
1172 3566 1265 3635 aliter
1286 3569 1472 3636 distributis.
1518 3569 1605 3636 Haec
1626 3569 1807 3637 coniectura
1840 3569 1924 3636 inter
1948 3585 2003 3634 eas
2026 3573 2087 3650 est,

496 3705 576 3772 quas
599 3706 670 3754 cum
691 3705 755 3753 non
776 3687 897 3771 liqueat
919 3707 975 3755 cur
997 3687 1100 3755 iactae
1122 3689 1195 3770 sint,
1217 3687 1375 3757 nonlicet
1400 3688 1553 3767 refellere,
1574 3691 1693 3759 reicere
1715 3709 1790 3758 vero
1810 3689 1896 3772 licet,
1919 3688 2087 3756 dummodo

495 3809 580 3893 quod
601 3809 717 3892 legitur
738 3810 765 3875 si
786 3813 873 3876 recte
893 3809 1121 3894 interpretatus
1149 3810 1214 3877 eris
1236 3809 1415 3888 offensionis
1436 3811 1514 3879 nihil
1534 3811 1659 3880 hebeat
1703 3811 1784 3878 Nam
1807 3827 1889 3892 quae
1907 3811 1959 3879 hic
1979 3812 2088 3894 legun-

499 3934 552 3997 tur
580 3930 763 4014 planissime
792 3947 862 3997 esse
889 3930 1046 3997 videntur.
1091 3929 1275 4013 Chremylus
1302 3932 1422 3999 verbis:
1452 3932 1533 3997 ἀλλ’
1563 3931 1649 4020 αἶρε
1679 3931 1832 4023 ταχέως
1858 3930 2025 3998 (larionem
2052 3935 2089 3996 ut

496 4058 669 4133 exequatur
690 4053 774 4135 quod
790 4056 1007 4136 proposuerat,
1021 4050 1148 4119 Plutum
1170 4052 1282 4119 tollere
1302 4053 1406 4134 iubct;
1424 4052 1540 4148 *Plutus
1561 4053 1593 4119 id
1607 4053 1795 4138 deprecatur
1814 4051 2009 4140 μηδαμῶς
2032 4071 2086 4120 vo·

496 4173 623 4255 cabulo,
656 4180 693 4240 ut
725 4174 825 4242 videri
856 4174 958 4257 possit
984 4173 1046 4240 iam
1073 4174 1153 4242 vella
1178 4171 1319 4257 profiteri
1346 4175 1418 4258 quis
1444 4175 1500 4260 sit;
1539 4181 1731 4260 quapropter
1758 4172 1945 4258 Chremylus
1978 4175 2082 4242 denuo

497 4311 629 4377 sperans
651 4295 790 4376 quaerit:
813 4293 956 4360 οὔκουν
979 4294 1101 4382 {peter

601 4415 752 4482 Eiusdem
774 4417 899 4500 generis
921 4435 959 4484 ea
973 4417 1154 4484 coniectura
1168 4432 1238 4482 esse
1250 4413 1384 4498 videtur,
1399 4433 1463 4499 qua
1476 4415 1559 4484 idem
1574 4415 1667 4483 homo
1681 4413 1881 4482 doctissimus
1897 4421 2022 4484 v.1078
2037 4432 2084 4498 eq.

498 4535 640 4618 quamuis
662 4534 844 4604 dubitanter
867 4537 1066 4607 scribendum
1087 4537 1266 4621 proposuit:

804 4656 861 4722 οὐκ
880 4655 918 4722 ἄν
941 4657 1013 4722 ποτ’
1036 4657 1121 4745 ἄλλῳ
1143 4655 1230 4724 ταῦτ’
1252 4655 1405 4743 ἐπέτρεψ’
1428 4655 1501 4742 ἐγώ.
1526 4657 1613 4722 ΧΡΕ.
1637 4653 1773 4734 codem

805 4779 867 4844 Νῦν
889 4779 924 4844 δ’
947 4777 1033 4844 ἄπιθι
1049 4779 1172 4869 χαίρων
1194 4777 1361 4861 συλλαβὼν
1383 4779 1438 4867 τὴν
1457 4777 1601 4864 μείρακα.

723 4894 783 4964 ΓΡ.
809 4897 878 4964 Olo’
901 4897 972 4964 olda
994 4901 1047 4965 τὸν
1070 4902 1156 4964 νοῦν·
1179 4899 1283 4964 οὐκέτ’
1306 4899 1406 4973 ἀξιοῖς
1425 4896 1504 4970 ἴσως

805 5017 882 5084 εἶναι
902 5020 988 5105 μετ’
1011 5021 1125 5105 ἐμοῦ·
1148 5019 1205 5092 τίς
1227 5019 1262 5085 d’
1284 5017 1534 5107 οὑπιτρέψων
1556 5017 1651 5096 ἐστι’,
1675 5019 1746 5102 τίς
