4708 5912
1053 622 1096 686 29

276 842 331 891 ero
354 840 393 890 cc
421 839 513 890 servo
541 819 674 889 conlatn
701 819 851 905 exemplis
874 820 1060 907 chremylus
1089 824 1152 890 iam
1181 841 1210 887 r.
1236 825 1293 889 181
1324 839 1391 888 ram
1420 819 1573 889 conficere
1600 825 1732 890 conatur
1758 820 1863 888 rubis

275 943 372 1011 latius
394 941 576 1027 patentibus
599 939 695 1005 τὰδὲ
717 941 879 1028 πράγματ’
901 943 967 1032 οὐχὶ
989 942 1041 1007 διὰ
1067 941 1104 1008 οὲ
1132 942 1232 1008 πάντα
1260 941 1444 1027 πράττεταιτ
1469 943 1654 1027 μονώτατος
1678 941 1740 1028 γὰρ
1769 939 1801 1006 ei
1824 941 1863 1006 ert

276 1063 402 1128 πάντων
425 1058 523 1132 αἴτιος
544 1061 593 1125 καὶ
614 1064 677 1124 τῶν
704 1065 807 1127 κακῶν
833 1063 883 1126 καὶ
909 1065 972 1128 τῶν
1000 1058 1130 1148 ἀγαθῶν
1158 1059 1194 1126 εὖ
1222 1058 1289 1126 tet’
1320 1061 1375 1124 ὅτι.
1428 1059 1490 1128 Sed
1520 1060 1612 1129 Carrio
1639 1061 1778 1127 nondum
1804 1059 1870 1127 sibi

276 1179 445 1260 satisfecit,
473 1179 531 1247 sed
552 1180 670 1263 pergit:
692 1184 841 1266 κρατοῦσι
869 1184 944 1265 γοῦν
967 1182 1023 1247 κάν
1046 1185 1110 1251 τοῖς
1132 1179 1278 1264 πολέμοις
1298 1181 1447 1247 ἑκάστοτε
1470 1178 1525 1266 ἐφ’
1547 1179 1594 1251 οἷς
1615 1179 1653 1244 ἅν
1683 1177 1777 1252 οὗτος
1803 1179 1864 1244 ἐπι·

277 1297 445 1388 καθέζηται
463 1297 570 1385 μόνος.
615 1300 683 1366 lam
703 1305 870 1385 postquam
892 1301 1004 1369 Plutus
1026 1302 1304 1400 interrogationem
1326 1300 1528 1385 interposuit:
1558 1299 1620 1384 ἐγὼ
1649 1301 1786 1364 τοσαῦτα
1811 1297 1862 1364 δν·

280 1418 373 1491 rard<
395 1417 458 1504 εἰμ’
482 1417 527 1490 εἷς
548 1416 592 1483 ὢν
615 1421 726 1498 ποιτῖνι
757 1419 790 1487 id
812 1423 915 1504 ipsum
937 1421 1083 1489 adfirmat
1105 1419 1299 1505 Chremylus,
1331 1426 1366 1488 at
1386 1421 1485 1487 multo
1508 1421 1601 1487 etiam
1623 1418 1715 1502 plura
1735 1419 1864 1486 Plutum

280 1539 404 1608 efficere
424 1557 517 1622 posse
540 1538 630 1616 dicit,
658 1537 746 1606 nulla
766 1539 829 1606 iam
851 1539 971 1607 addens
994 1539 1087 1606 huius
1108 1542 1267 1624 potentiae
1289 1540 1491 1615 documenta,
1519 1540 1575 1606 red
1597 1556 1692 1622 quam
1719 1537 1864 1605 amabilis

278 1679 316 1730 ac
339 1660 505 1728 deliciosus
528 1666 658 1744 propter
678 1660 760 1727 haue
781 1662 882 1742 ipsam
904 1662 1077 1744 potentiam
1099 1660 1212 1727 Plutus
1234 1662 1285 1741 sit,
1308 1679 1475 1744 exponens.
1520 1657 1602 1725 lllud
1624 1658 1766 1738 sitierat,
1789 1663 1865 1741 apta

279 1787 387 1850 ament
408 1780 505 1848 verbu
527 1785 589 1845 τῶν
609 1780 668 1865 μὲν
690 1779 752 1866 γὰρ
774 1780 875 1846 ἄλλων
898 1781 959 1845 κτλ.
988 1782 1028 1847 ad
1057 1781 1174 1846 τούτων
1200 1803 1237 1864 γε
1266 1780 1372 1866 πολλῷ
1402 1779 1541 1855 πλείονας
1572 1797 1655 1846 nunc
1681 1797 1756 1846 vero
1785 1797 1865 1855 cum,

279 1901 364 1984 quod
386 1919 478 1968 nemo
500 1900 559 1967 sibi
581 1901 659 1967 satis
681 1899 831 1982 pecuniae
853 1899 970 1966 habere
991 1899 1125 1981 ridetur,
1148 1901 1180 1967 id
1198 1901 1238 1967 de
1253 1901 1284 1966 ri
1299 1900 1451 1982 pecuniae
1465 1899 1541 1964 nihil
1555 1900 1677 1981 probet,
1699 1899 1741 1965 ad
1757 1917 1784 1964 r.
1804 1901 1864 1966 181

164 2095 169 2106 ,
278 2039 389 2089 versus
408 2025 468 2089 189
489 2021 541 2088 vix
563 2024 670 2104 potest
690 2019 810 2088 referri.
856 2021 968 2103 ltaque
991 2039 1071 2104 nego
1093 2039 1122 2086 r.
1142 2025 1201 2089 188
1226 2020 1329 2088 omitti
1351 2037 1453 2102 possa,
1476 2037 1538 2102 quo
1562 2037 1643 2102 quae
1658 2021 1865 2095 continentur,

278 2139 429 2222 proximis
450 2141 597 2208 versibus
617 2141 650 2206 iu
671 2140 755 2209 hune
775 2140 903 2207 modum
930 2140 1152 2222 explanantur,
1182 2147 1219 2209 ut
1245 2143 1380 2225 primurn
1410 2139 1559 2224 exemplis
1588 2138 1754 2207 cumulatis
1783 2144 1865 2206 ceta·

284 2278 389 2328 rarum
411 2278 517 2328 rerum
539 2261 717 2327 satietmem
741 2277 825 2340 esse,
848 2259 961 2329 deinde
983 2259 1173 2330 divitiamm
1186 2280 1248 2328 non
1271 2279 1340 2329 esse
1362 2260 1480 2328 diserte
1503 2258 1635 2327 dicatur.
1679 2258 1867 2326 nacussime
1992 2279 1994 2282 ·

279 2379 376 2463 igitur
397 2378 540 2463 procedit
559 2379 661 2446 oratio
682 2379 716 2445 in
739 2378 880 2446 codicum
903 2379 1045 2447 tortione.
1090 2381 1138 2447 lle
1159 2379 1244 2444 ὥστε
1265 2387 1372 2448 autern
1400 2381 1555 2463 particula
1581 2377 1789 2447 contuendus
1818 2383 1868 2446 est

279 2499 418 2568 eiusdem
440 2497 567 2566 fabulae
588 2517 618 2567 r.
641 2503 704 2566 919
726 2497 817 2564 ὥστ’
840 2499 900 2570 εἰς
921 2495 980 2584 ἔμ’
1003 2501 1088 2589 ἣκει
1110 2505 1179 2589 τῆς
1200 2499 1354 2574 πόλεως
1375 2501 1419 2566 τὰ
1442 2501 1663 2586 πράγματα.
1709 2498 1760 2567 sic
1783 2499 1868 2568 codi-

278 2636 331 2686 ces
354 2622 388 2686 et
408 2619 562 2686 editiones
583 2637 691 2686 omnes
713 2617 862 2686 exhibent
882 2623 1011 2701 praeter
1032 2619 1196 2698 mainetii,
1226 2623 1279 2702 qui
1302 2621 1385 2685 ὥστ’
1407 2621 1439 2687 11
1462 2621 1515 2691 dre
1541 2621 1754 2689 commutavit
1791 2620 1869 2701 ⁴Qua

278 2739 310 2805 in
332 2757 369 2804 re
390 2737 509 2805 homini
537 2737 719 2806 doctissimo
748 2738 901 2807 adsentiri
928 2759 991 2806 non
1020 2759 1167 2825 possum3
1195 2741 1251 2825 qui
1278 2740 1362 2808 enim
1391 2740 1584 2825 sycophanta
1611 2742 1671 2810 hoa
1699 2741 1869 2808 ναι-11111·

279 2861 387 2939 potest
407 2859 449 2925 ad
472 2877 525 2941 ea,
554 2877 636 2943 qnae
662 2859 798 2940 dixerat,
828 2860 1013 2944 probanda?
1046 2861 1145 2928 Immo
1172 2861 1379 2944 interroganti
1410 2863 1580 2950 κατηγορεῖ
1606 2859 1642 2926 δὲ
1672 2859 1730 2936 τίς
1760 2862 1869 2926 Iustus

280 2994 351 3043 oum
379 2977 594 3060 respondisset
621 2980 639 3043 ri
669 2979 864 3066 βουλόμενος
891 2980 1102 3064 sycophantae
1129 2997 1181 3048 res
1209 2981 1291 3049 bena
1316 2986 1455 3048 cesserat
1483 2985 1671 3066 poteratque
1699 2997 1867 3062 reponere:

281 3094 390 3160 οὐκοῦν
415 3096 532 3170 ἐκεῖνός
560 3100 624 3187 εἰμ’
653 3098 717 3184 ἐγώ
746 3101 831 3168 nullo
861 3098 968 3167 addito
998 3106 1194 3184 argumento.
1246 3100 1315 3182 Quo
1344 3108 1458 3168 eventu
1487 3102 1594 3168 statim
1622 3101 1868 3185 prudentissima

284 3215 396 3297 utitur,
419 3221 457 3284 ut
470 3220 635 3288 nuncludat
656 3220 698 3287 ad
713 3222 884 3290 sevenisse
903 3224 949 3290 rai
969 3223 1115 3306 publicae
1135 3241 1298 3290 summam.
1339 3222 1399 3290 Oui
1415 3221 1621 3289 ratiocinandi
1637 3221 1745 3306 generi
1760 3221 1869 3289 Iustus

281 3351 343 3400 non
365 3335 470 3418 habet,
493 3339 577 3421 quod
599 3347 746 3424 opponat,
769 3341 826 3408 sed
848 3343 1051 3426 conqueritur
1071 3343 1118 3410 rei
1140 3343 1284 3428 publicae
1305 3342 1527 3420 condicionem,
1551 3342 1601 3409 cui
1622 3341 1695 3410 talis
1711 3342 1760 3409 vir
1779 3357 1870 3424 prae·

280 3453 338 3535 sit,
367 3473 502 3539 eumque
525 3459 566 3526 ab
587 3459 636 3526 his
659 3460 793 3546 negotiis
822 3467 965 3531 avertere
991 3463 1110 3530 studet.
1155 3463 1289 3531 Videtur
1316 3465 1413 3548 igitur
1434 3465 1519 3529 ὥστε
1545 3462 1718 3547 particulae
1746 3463 1870 3531 conclu·

280 3571 376 3640 dendi
403 3575 451 3643 ria
478 3577 553 3647 huie
580 3579 649 3647 loeo
676 3581 840 3665 aptissima
868 3601 952 3660 esse;
987 3583 1027 3650 ab
1053 3583 1113 3650 hoe
1142 3601 1216 3650 vero
1245 3602 1275 3649 r.
1301 3589 1361 3651 188
1391 3602 1502 3667 parum
1532 3583 1666 3652 differre.
1715 3583 1870 3652 Videlicet

281 3691 384 3775 longis
405 3694 491 3764 Pluti
513 3699 674 3779 potentiae
695 3700 841 3768 laudibus
862 3702 956 3769 finem
987 3703 1119 3786 imponit
1142 3701 1328 3787 Chremylus
1357 3703 1578 3786 concluditque
1605 3701 1786 3771 insatiabile
1815 3704 1868 3772 do

282 3813 421 3882 scribens
442 3817 595 3900 studium,
616 3834 679 3901 quo
701 3821 842 3890 homines
857 3822 985 3889 Plutum
1006 3823 1256 3906 complectantur
1277 3821 1315 3892 ef.
1338 3825 1411 3892 Pae.
1429 3827 1502 3892 106.
1536 3823 1627 3904 Quod
1642 3829 1748 3891 autem
1763 3841 1793 3888 v.
1808 3827 1868 3891 198

282 3937 337 4000 σοῦ
360 3935 396 3999 δ’
419 3935 539 4019 ἐγένετ’
562 3936 667 4012 οὐδεὶς
684 3942 804 4025 μεστὸς
828 3940 1032 4008 οὐδεπώποτε
1059 3943 1228 4011 admodum
1257 3943 1369 4011 similis
1397 3945 1427 4011 ei
1455 3949 1518 4026 est,
1547 3961 1641 4026 quem
1663 3942 1867 4028 Aristophani

282 4054 518 4138 vindicavimus,
541 4058 574 4126 id
596 4078 730 4128 menon
752 4062 851 4145 magis
873 4069 986 4140 moret,
1009 4081 1103 4146 quam
1125 4083 1164 4132 aa
1185 4064 1356 4132 similitudo
1378 4083 1459 4150 quae
1480 4065 1563 4132 iuter
1584 4082 1613 4129 r.
1637 4067 1699 4131 889

741 4179 824 4247 ἔοικε
845 4181 881 4247 δ’
904 4181 982 4246 εἶναι
1005 4185 1058 4248 τοῦ
1082 4185 1220 4271 πονηροῦ
1242 4183 1402 4269 κόμματος

283 4297 316 4360 et
335 4312 365 4359 r.
388 4301 449 4362 981

740 4421 788 4486 ὅτι
810 4419 880 4488 ἔστ’
903 4420 1019 4488 ἐκείνου
1042 4425 1096 4488 τοῦ
1118 4428 1256 4514 πονηροῦ
1279 4425 1436 4510 κόμματος

281 4533 458 4602 intercedit
503 4537 595 4606 Hunc
618 4540 716 4622 enim,
744 4560 838 4627 quem
864 4542 964 4610 altero
992 4543 1059 4611 loeo
1088 4543 1255 4627 adscripsi,
1282 4546 1480 4614 Hamakerus
1508 4547 1628 4628 primus
1656 4543 1755 4614 deleri
1775 4543 1869 4611 iussit

281 4653 705 4744 Mnem.11p.17,quem
734 4663 835 4730 secuti
864 4669 940 4730 sunt
962 4665 1138 4733 Meinekius
1160 4667 1364 4752 Kappeynius
1386 4665 1568 4736 Dindorfius
1595 4668 1628 4734 in
1657 4666 1868 4735 editioneLi·

279 4774 406 4858 palensi.
451 4775 592 4847 Batavus
613 4783 698 4863 quod
721 4782 800 4850 dixit
821 4784 938 4866 γνῶναί
958 4809 1023 4849 τινα
1044 4805 1101 4868 per
1122 4805 1157 4853 se
1178 4785 1368 4871 significare
1376 4806 1469 4871 posse
1493 4785 1645 4854 »alieuius
1666 4805 1769 4854 moros
1796 4805 1867 4872 per·

280 4895 437 4978 spicere«,
471 4895 505 4963 id
528 4900 656 4968 concedi
677 4907 784 4985 potest
804 4920 878 4972 rere
900 4904 1018 4972 dietum
1040 4925 1169 4975 esseae
1197 4908 1277 4976 bene
1305 4927 1376 4976 eum
1405 4909 1438 4974 in
1468 4909 1549 4975 hane
1578 4909 1765 4975 senmntiam
1794 4925 1867 4976 con-

280 5013 391 5083 tulisse
411 5017 499 5084 Dem.
523 5019 594 5087 adv.
618 5019 801 5091 Pantaenet.
826 5029 904 5103 983,
933 5029 952 5091 2
975 5029 1089 5109 γνῶναι
1111 5026 1144 5093 δ’
1166 5027 1271 5092 lotura
1293 5029 1341 5093 ani
1363 5026 1524 5117 ἐπιπλῆξαι
1543 5023 1675 5116 ῥᾴδιον,
1705 5027 1762 5095 sed
1783 5029 1867 5095 hunc
