4708 5912
1184 611 1383 706 A...

489 813 592 900 φιλῇς,
615 812 698 880 Nub.·
715 816 775 879 237
799 809 842 875 ίθι
864 833 918 876 νυν
938 808 1092 899 κατάβηθ’
1116 810 1143 876 ὦ
1158 809 1371 898 Σωκρατίδιον
1393 812 1440 882 ὡς
1461 807 1525 894 ἐμέ,
1550 809 1598 874 ἵνα
1618 833 1660 895 με
1675 767 1816 898 Ιδιδάξῃς
1837 809 1943 898 ὦνπερ
1965 810 2075 878 οὕνεκ’

488 929 642 1022 ἐλήλυθα,
671 932 728 999 Au.
753 935 814 998 685
837 949 883 1013 sq.
913 930 971 1015 ἄγε
998 931 1037 1021 δή
1067 969 1110 980 -
1139 932 1292 1023 πρόσχετε
1322 934 1374 996 τὸν
1403 935 1475 998 νοῦν
1503 969 1547 980 -
1573 930 1616 995 ἵν’
1640 930 1831 1002 ἀκούσαντες
1856 969 1901 982 -
1927 929 2074 1019 Προδίκῳ

489 1052 591 1118 κλάειν
617 1049 722 1141 εἴπητε
750 1053 784 1120 τὸ
814 1051 937 1130 λοιπόν,
966 1053 1050 1120 Eccl.
1077 1059 1158 1120 1175
1188 1053 1255 1120 εἶτα
1283 1053 1399 1120 κόνισαι
1426 1053 1535 1136 λαβὼν
1563 1048 1703 1128 λέκιθον,
1733 1048 1771 1116 ἵν’
1800 1051 1979 1142 ἐπιδειπνῇς
2005 1053 2073 1120 sini.

488 1173 571 1240 Plut
595 1178 657 1240 358
680 1174 723 1238 νὼ
746 1173 780 1236 δ’
803 1173 962 1260 εἰσίωμεν,
991 1173 1039 1240 ίνα
1067 1175 1226 1263 προσεύξῃ
1255 1177 1306 1241 τὸν
1336 1173 1426 1253 θεόν,
1456 1174 1533 1242 th.
1557 1179 1619 1240 245
1648 1171 1675 1236 ὦ
1700 1177 1803 1262 μῆτερ
1831 1174 1950 1246 ἀνάδος
1978 1173 2076 1260 δεῦρο

489 1296 544 1385 τήν
565 1292 744 1382 ἐτνήρυσιν,
772 1293 812 1362 ἵν’
836 1292 925 1366 ἔτνος
946 1295 1087 1384 καταχέω
1111 1297 1303 1386 τούλατῆρος
1324 1295 1447 1362 τουτουί
1453 1343 1461 1370 ,
1493 1300 1554 1362 585
1577 1299 1634 1383 τῆς
1655 1295 1795 1383 κεφαλῆς
1816 1295 1870 1360 νύν
1889 1318 1953 1380 μου
1975 1294 2076 1378 λαβοῦ

488 1415 530 1479 ἵν’
553 1414 708 1500 ἐξεμέσω,
733 1419 793 1483 927
817 1414 874 1486 δός
892 1441 947 1500 μοι
969 1416 1126 1503 φορυτόν,
1156 1417 1198 1480 ἵν’
1221 1415 1314 1480 αὐτὸν
1337 1414 1474 1504 ἐνδήσας
1496 1413 1587 1500 φέριο
1611 1413 1649 1480 ci.
1680 1414 1721 1482 ib.
1747 1418 1839 1480 1007.
1865 1417 1956 1480 1061.
1981 1417 2075 1482 1068.

488 1537 569 1616 Equ.
594 1541 644 1602 96.
670 1540 740 1602 118.
766 1541 856 1602 1227.
880 1535 962 1604 Nub.
985 1542 1033 1603 18.
1058 1543 1130 1604 478.
1154 1535 1248 1622 Vesp.
1268 1541 1358 1604 1361.
1382 1537 1439 1602 Av.
1464 1541 1513 1600 02.
1540 1541 1630 1602 1647.
1654 1535 1727 1618 Lys.
1747 1539 1837 1601 1242.
1860 1535 1986 1604 Thosm.
2002 1539 2074 1602 236.

490 1661 561 1724 763.
587 1663 678 1724 1115.
704 1663 794 1724 1183.
822 1659 901 1724 Rau.
925 1662 998 1724 207.
1024 1663 1115 1724 1210.
1160 1659 1324 1724 Postremo
1347 1657 1423 1724 Aeh.
1448 1661 1511 1723 244
1533 1654 1672 1721 κατάθου
1695 1658 1729 1720 τὸ
1751 1659 1863 1720 κανοῦν
1886 1653 1913 1719 ὦ
1935 1654 2075 1743 θύγατερ

488 1777 530 1840 ἵν’
554 1776 774 1864 ἀπαρξώμεθα
796 1784 828 1846 ei
849 1779 930 1862 Equ.
956 1784 975 1844 8
998 1778 1096 1866 δεῦρό
1118 1801 1171 1844 νυν
1195 1775 1349 1865 πρόσελθ’
1376 1777 1424 1842 ίνα
1447 1776 1611 1850 ξυναυλίαν
1633 1777 1817 1862 κλαύσωμεν
1843 1777 2004 1863 Οὐλύμπου
2028 1776 2075 1842 νύ-

486 1922 564 1983 pou,
587 1899 641 1981 qui
661 1899 723 1966 loci
744 1904 809 1966 tum
831 1899 948 1966 similes
969 1906 1044 1966 sunt
1064 1899 1147 1968 Plut.
1171 1903 1251 1976 823,
1280 1902 1317 1964 ut
1338 1897 1475 1980 Bergkio
1497 1897 1546 1962 ἵνα
1569 1898 1685 1965 delenti
1707 1898 1878 1966 fortissime
1898 1915 2075 1980 repugnen-

489 2017 563 2084 dum
586 2037 655 2086 esse
677 2021 753 2086 milri
776 2021 983 2088 certissimum
1006 2021 1056 2087 sit.
1101 2020 1285 2104 Asyndeton
1308 2019 1393 2102 quod
1415 2019 1465 2086 hio
1486 2019 1580 2086 homo
1602 2018 1800 2087 doctissimus
1822 2019 1921 2086 voluit
1936 2038 1999 2086 non
2013 2037 2077 2086 mo

489 2139 574 2222 mini,
595 2140 685 2207 ouius
706 2141 787 2207 elius
809 2140 869 2208 loci
891 2139 1094 2208 similitudine
1116 2139 1242 2208 delendi
1264 2139 1366 2224 possit
1388 2158 1482 2222 quom
1499 2139 1581 2206 Nub.
1598 2144 1661 2206 860
1683 2135 1751 2204 ἀλλ’
1775 2136 1818 2204 ἴθι
1837 2138 1948 2221 βάδιζ’
1970 2137 2075 2220 ἴωμεν,

490 2259 543 2326 nbi
565 2262 594 2326 si
615 2259 686 2328 linis
707 2263 892 2340 adderetur,
923 2265 964 2331 nd
986 2281 1080 2345 quem
1102 2263 1239 2331 eundum
1261 2264 1318 2342 sit,
1347 2281 1405 2345 ego
1427 2280 1490 2328 non
1512 2260 1690 2330 dubitarem
1712 2266 1786 2334 ento
1812 2258 1907 2346 ἴωμεν
1936 2262 2075 2330 inserere

489 2381 552 2464 ἵν’,·
574 2401 657 2450 nunc
679 2383 853 2468 asyndeton
875 2384 951 2452 ferri
972 2403 1065 2467 posse
1086 2389 1173 2468 puto.
1217 2383 1366 2452 Ceterum
1388 2383 1483 2450 verbo
1506 2380 1695 2450 monendum
1718 2385 1776 2462 est,
1799 2379 1847 2444 ba
1862 2381 1896 2446 in
1913 2381 1963 2448 his
1978 2400 2076 2450 enull-

489 2503 576 2572 tiatis
598 2501 744 2572 finalibus
765 2504 986 2587 imperativum
1009 2505 1235 2589 excipientibus
1256 2502 1349 2587 longe
1372 2503 1614 2570 usitatissimum
1636 2521 1721 2583 ουτος
1750 2503 1838 2573 dre:
1860 2520 1931 2569 cum
1960 2502 2079 2570 indico-

489 2625 553 2692 tivo
574 2624 674 2692 futuri
694 2623 811 2709 legitur
832 2626 904 2693 Pac.
928 2631 987 2693 431
1013 2645 1059 2710 sq.
1083 2624 1141 2709 ἄγε
1163 2624 1202 2714 δή
1225 2624 1264 2689 σὺ
1288 2623 1409 2713 ταχέως
1431 2621 1526 2712 ῦπεχε
1549 2625 1603 2712 τῆν
1625 2623 1749 2710 φιάλήν,
1778 2623 1866 2694 ὅπως
1892 2621 1978 2710 ἔργῳ
2007 2646 2075 2710 φια·

489 2744 602 2830 λοῦμεν
624 2745 788 2831 εὐξάμενοι
810 2749 905 2812 τοῖσιν
928 2745 1033 2824 θεοῖς,
1062 2749 1150 2818 ύπως
1177 2745 1215 2810 άν
1243 2765 1314 2814 cum
1342 2745 1539 2814 coniunctim
1561 2744 1644 2812 Nub.
1668 2749 1730 2810 937
1759 2749 1792 2812 et
1812 2744 1897 2813 Eecl.
1922 2748 2001 2827 732,
2031 2745 2076 2814 ὡς

489 2866 527 2930 dv
549 2885 620 2934 eum
642 2867 838 2934 coniunctim
860 2867 984 2934 Thesm.
1008 2872 1086 2949 601,
1115 2867 1229 2934 omisso
1253 2865 1290 2929 ἄν
1312 2865 1344 2932 in
1366 2865 1476 2932 melico
1499 2866 1635 2932 carmine
1656 2865 1730 2948 Lys.
1756 2869 1848 2930 1265.
1893 2865 1981 2944 Qune
2004 2883 2074 2932 omn

491 2987 537 3054 ite
559 2988 623 3054 sint
645 2989 723 3056 satis
745 2988 821 3056 mihi
843 2991 997 3073 probetur
1018 2990 1102 3074 quod
1124 2988 1284 3064 Porsouus
1306 2993 1339 3054 et
1360 2987 1524 3054 Dobrnens
1546 2987 1670 3054 Thesm.
1694 2991 1756 3052 286
1779 2986 1994 3062 coniecerunt,
2021 2985 2075 3054 ubi

489 3127 559 3176 cum
582 3109 614 3175 in
635 3110 794 3179 codicibus
816 3111 940 3195 legatur
962 3112 995 3176 τὸ
1018 3108 1172 3187 πόπανον,
1200 3109 1288 3179 όπως
1312 3107 1457 3190 λαβοῦσα
1485 3105 1574 3172 θύσω
1601 3110 1667 3172 ταῖν
1696 3103 1785 3172 θεαῖν
1812 3126 1871 3190 pro
1894 3106 1983 3177 ύπως
2010 3104 2074 3178 ίνα

489 3231 719 3300 restituendum
742 3232 908 3300 duxerunt

590 3371 621 3420 u.
645 3357 728 3422 1044
750 3354 873 3422 codices
893 3353 1035 3438 plerique
1057 3352 1218 3420 exhibent:

681 3445 686 3458 ’
874 3469 991 3538 τάλαιν’
1014 3472 1078 3557 ἐγὼ
1100 3476 1156 3560 τῆς
1177 3469 1306 3557 ῦβρεως
1324 3469 1362 3560 ής
1384 3469 1558 3555 ὑβρίζομαι.

490 3591 602 3680 ὕβριος
628 3593 745 3679 legitur
766 3595 799 3660 in
821 3594 911 3662 cant.
937 3601 952 3660 1
977 3595 1063 3662 etin
1092 3594 1264 3660 Monens.
1303 3592 1364 3658 Pro
1392 3589 1455 3673 ἐγὼ
1483 3591 1649 3657 &vennas
1678 3586 1793 3673 ἔγωγε,
1819 3609 1878 3674 pro
1907 3586 2067 3676 ὑβρίζομαι

491 3713 630 3782 Venetus
652 3714 841 3804 αἰσχύνομαι.
886 3716 1032 3782 Editores
1054 3732 1162 3780 omnes
1186 3712 1334 3799 ὕβρεος
1361 3711 1563 3793 scripserunt,
1594 3709 1649 3776 sed
1673 3710 1829 3778 dubitauit
1848 3711 1889 3780 de
1909 3710 1967 3776 hee
1987 3705 2068 3787 scip·

489 3839 564 3902 ture
583 3837 703 3919 primus
725 3835 785 3904 nisi
806 3834 900 3904 tollor
920 3835 1120 3903 Hermeunns
1142 3833 1183 3900 ud
1206 3833 1289 3900 Nub.
1316 3837 1407 3912 1076,
1430 3833 1485 3916 qui
1505 3831 1592 3898 illem
1620 3833 1758 3914 genetivi
1778 3831 1908 3898 formum
1930 3828 1962 3894 in
1983 3825 2070 3894 meli·

489 3954 534 4022 eis
556 3955 683 4040 quidem
705 3955 895 4024 carminibus
916 3955 1000 4038 apud
1022 3953 1263 4039 Aristophanem
1286 3951 1361 4021 ferri
1389 3970 1483 4036 posse
1505 3957 1541 4020 ut
1564 3953 1657 4036 Vesp.
1685 3955 1764 4020 1282
1793 3945 1859 4014 ἀλλ’
1883 3948 1944 4014 ἀπὸ
1968 3949 2073 4036 σοφῆς

490 4075 639 4162 φύσεος
660 4077 835 4163 αὐτόματον
857 4074 1003 4164 ἐκμαθεῖν
1025 4081 1058 4144 ei
1082 4081 1163 4142 1457
1186 4076 1220 4138 τῦ
1243 4075 1304 4161 γὰρ
1327 4074 1499 4163 άποοτῆναι
1516 4075 1654 4164 χαλεπὸν
1684 4072 1850 4160 φύσεος,
1879 4071 1917 4160 ήν
1941 4067 2005 4159 ἔχοι
2029 4089 2074 4138 τις

490 4195 549 4274 dri,
573 4198 604 4264 in
625 4199 768 4265 trimetro
791 4203 897 4266 eutem
919 4198 1052 4266 iambico
1074 4195 1302 4264 intolerabilem
1325 4213 1394 4262 esse
1415 4195 1572 4264 censebat.
1617 4195 1785 4279 Proposuit
1805 4192 1920 4276 igitur:

871 4315 988 4384 τάλαιν’
1012 4315 1127 4401 ἔγωγ’
1149 4317 1194 4405 ἧς
1215 4312 1323 4404 τῆσδ’
1348 4315 1507 4403 ύβρεως
1529 4314 1703 4401 ὑβρίζομαι.

490 4437 549 4506 Cui
572 4439 769 4508 coniecturae
791 4439 846 4508 ulii
867 4439 1009 4510 homiues
1030 4437 1202 4506 doctissimi
1223 4437 1301 4504 alias
1324 4437 1523 4520 addiderunt,
1541 4436 1712 4520 Bergkius:

871 4558 991 4624 τάλαιν’
1014 4558 1136 4644 ἔγωγε
1160 4564 1226 4647 τῆς
1247 4557 1419 4644 ὕβρεως·
1443 4558 1655 4643 ὑβρίζομαι

490 4681 666 4750 Meinekius
689 4681 779 4750 Viud.
802 4701 832 4766 p.
856 4685 935 4746 221:

877 4796 996 4866 τάλαιν’
1018 4800 1144 4886 ἔγωγε
1167 4805 1235 4891 τῆς
1258 4801 1430 4887 ὕβρεως·
1453 4797 1691 4885 αλσχύνομαι

490 4921 706 5010 Kappeynius:

857 5039 977 5110 τάλαιν’
1000 5041 1063 5130 ἐγὼ
1087 5047 1155 5133 τῆς
1176 5045 1249 5130 σῆς
1270 5039 1444 5125 ῦβρειυς·
1467 5035 1717 5126 αίσχύνομαι.
