4708 5912
933 611 1089 673 ·53

270 814 325 902 χώ
331 835 448 898 μενοι
475 810 675 894 participium
704 809 861 878 choreutis
891 811 1014 896 Ulyssis
1042 811 1171 879 comites
1204 811 1339 889 acturis;
1376 811 1489 893 quibus
1517 811 1550 877 id
1578 809 1683 893 potius
1714 810 1754 878 ab
1775 807 1865 878 initio

275 930 515 1016 significandum
537 937 606 998 erat
627 949 662 998 se
684 931 800 999 arietes
823 951 997 1016 caprosqne
1019 951 1114 1015 ogere
1136 931 1228 998 nolle.
1268 935 1371 1014 Atque
1386 932 1446 998 hoc
1461 929 1505 1012 fit,
1522 931 1690 997 dummodo
1705 930 1866 997 lenissimo

274 1052 397 1122 medela
418 1070 475 1135 pro
496 1052 696 1141 βληχώμενοι
717 1053 911 1122 rescribatur
931 1052 1220 1143 βληχωμένοις,
1252 1071 1314 1135 quo
1335 1051 1500 1135 participio
1523 1051 1563 1116 ad
1591 1055 1656 1122 τοῖς
1684 1050 1867 1136 προβατίοις

274 1172 353 1238 nihil
374 1177 480 1256 potest
501 1191 571 1240 esse
592 1173 895 1242 accommodatius·
917 1173 1014 1242 Senes
1042 1173 1140 1258 igitur
1168 1192 1239 1240 cum
1269 1172 1391 1256 possint
1419 1170 1545 1239 brevius
1568 1176 1600 1238 et
1623 1172 1664 1238 od
1686 1169 1865 1254 intellegen-

276 1294 350 1360 dum
373 1293 478 1377 aptius
500 1291 579 1360 hoec
601 1293 720 1361 dicere:

636 1415 726 1504 ἡμεῖς
748 1413 784 1479 όέ
805 1437 842 1498 γε
869 1409 1044 1505 ζητήσομεν
1068 1413 1256 1502 θρεττανελὸ
1279 1414 1332 1478 τὸν
1354 1411 1498 1477 κόκλοιπα

631 1534 908 1624 βληχωμένοις
929 1534 966 1600 σὲ
987 1536 1107 1599 τουτονὶ
1130 1537 1264 1599 πινῶντα
1287 1531 1517 1616 καταλαβόντες

633 1655 855 1745 ἡγούμενον
877 1657 962 1726 τοῖς
984 1654 1232 1740 προβατίοις,

634 1771 704 1863 ελκῇ
726 1773 763 1840 δὲ
786 1772 1026 1861 καταδαρθόντα
1049 1797 1108 1839 πον

633 1895 734 1982 μέγαν
756 1895 909 1979 λαβόντες
930 1895 1068 1985 ἡμμένον
1090 1893 1259 1983 σμρνόσκον
1282 1893 1478 1982 ἐκτυφλῶσαι

277 2018 401 2101 abrepti
415 2017 461 2084 rei
484 2015 699 2101 expingendae
719 2015 825 2084 stndio
849 2020 1062 2099 spectatorum
1085 2015 1290 2101 Carionisqne
1312 2015 1387 2099 quid
1408 2013 1627 2103 sstppope'oozc
1641 2015 1716 2082 velit
1729 2015 1868 2082 nescien-

276 2131 365 2206 tium'
378 2139 625 2223 expectationem
648 2135 792 2204 tollentes
814 2140 888 2221 post
910 2135 1143 2220 καταλαβόντες
1163 2109 1398 2220 interponunt!

636 2257 740 2346 πήραν
764 2254 874 2345 ἔχοντα
896 2257 1017 2346 λα’χανά
1038 2254 1064 2321 τ’
1089 2256 1183 2344 ἄγρια
1206 2256 1359 2343 θροσερό,
1383 2256 1610 2343 κραιπαλῶντα.

431 2397 459 2445 v.
484 2382 546 2447 316
567 2396 615 2463 sq.
638 2373 706 2442 ἁλλ’
730 2375 778 2442 εἷα
802 2379 854 2442 νῦν
878 2381 940 2442 τῶν
962 2379 1159 2463 σκωμμάτων
1183 2375 1413 2462 ἀπαλλαγέντες
1434 2374 1510 2465 ἤθη

634 2497 724 2584 ὑμεῖς
743 2495 793 2562 ἐπ’
817 2494 883 2562 ἄλλ’
908 2495 993 2570 εἶδος
1014 2495 1177 2584 τρέπεσθ’,

632 2617 695 2702 ἐγὼ
717 2611 751 2684 θ’
775 2618 830 2683 ἰὼν
852 2617 929 2708 ἤδη
951 2616 1058 2706 λάθρᾳ

631 2739 831 2828 βουλήσομαι
853 2739 913 2803 κτλ.

275 2862 420 2944 quotiens
442 2861 505 2946 legi
527 2860 687 2946 displicuit
708 2859 770 2950 ἤδη
792 2860 880 2928 brevi
902 2859 1006 2943 spatio
1028 2857 1209 2926 intermisso
1238 2858 1407 2942 repetitum
1437 2858 1599 2940 alteroque
1621 2859 1689 2926 loco
1711 2877 1749 2925 eo
1771 2857 1867 2926 mole·

275 2983 364 3062 stius,
387 2981 473 3065 qnod
495 2979 726 3067 ἀπαλλαγέντες
747 2981 809 3072 ἤδη
831 2981 917 3048 haud
939 2979 1034 3048 dubie
1055 2999 1118 3046 non
1139 2979 1240 3046 solum
1263 2979 1305 3045 ad
1328 2979 1458 3046 chorum
1475 2998 1584 3046 verum
1598 2979 1694 3047 etiam
1708 2979 1750 3046 ad
1765 2981 1867 3063 ipsum

277 3099 442 3168 Garionem
463 3101 662 3171 referendum
686 3108 744 3171 est.
788 3101 960 3206 Reputonti
981 3119 1056 3168 vero
1079 3099 1243 3166 Curionem
1262 3099 1312 3166 his
1334 3099 1438 3166 verbis
1462 3118 1497 3168 se
1518 3118 1662 3168 scaenam
1684 3101 1867 3168 relicturum

278 3235 349 3286 esse
370 3220 510 3289 indicare
532 3239 568 3290 ac
590 3223 716 3307 legenti,
740 3241 821 3307 quae
842 3224 997 3290 Ernestus
1025 3222 1168 3304 Droysen
1197 3220 1230 3286 in
1253 3221 1496 3300 Quaestionibns
1524 3221 1564 3288 dc
1591 3222 1868 3307 Aristophontem

278 3338 421 3407 scaenico
441 3357 471 3422 p.
496 3345 515 3408 3
536 3360 584 3425 sq.
607 3341 844 3426 diligentissime
866 3343 1032 3426 congessit,
1052 3360 1116 3409 non
1139 3339 1269 3410 dubium
1292 3341 1363 3416 erit,
1386 3343 1461 3425 quin
1484 3341 1682 3410 scribendum
1705 3343 1763 3409 sit:

635 3461 699 3547 ἐγὼ
725 3459 756 3526 θ’
781 3463 835 3528 ἰὼν
857 3460 955 3527 εἴσω
977 3459 1093 3550 λάθρᾳ.

278 3579 327 3645 De
349 3561 528 3664 corruptele
549 3581 693 3651 conferas
715 3598 832 3667 quaeso
855 3583 935 3666 Equ.
960 3587 1051 3664 1110,
1075 3583 1131 3650 ubi
1152 3583 1185 3649 in
1206 3583 1390 3650 Ravennnte
1413 3587 1446 3650 et
1462 3583 1670 3651 Ambrosiano
1685 3588 1771 3652 recte
1793 3583 1867 3666 legi·

278 3704 334 3765 tur
356 3697 495 3789 τρέχοιμ’
520 3701 558 3766 όν
581 3699 656 3766 εἴσω
680 3703 844 3790 πρότερος,
866 3703 899 3769 in
921 3704 1040 3770 Veneto
1063 3702 1207 3770 Parisino
1229 3702 1450 3770 Laurentianis
1473 3705 1493 3767 θ
1514 3708 1547 3770 et
1568 3703 1591 3767 Δ
1614 3703 1867 3772 Vaticano-Pela·

279 3821 345 3887 tino
368 3825 401 3887 et
423 3823 644 3906 superscriptis
667 3842 686 3890 a
708 3824 860 3892 secunda:
889 3847 939 3910 ρρ.
963 3819 1039 3888 εἴσω
1066 3823 1098 3889 in
1119 3823 1302 3892 Florentino
1324 3823 1356 3888 Γ
1373 3821 1506 3915 τρέχοιμ’
1542 3823 1580 3890 ἂν
1609 3823 1682 3915 ἢθη
1713 3824 1869 3912 πρότερος

279 3940 433 4024 scriptum
455 3947 551 4010 extet.
