4708 5912
966 592 1109 654 ’Π

297 790 393 860 Vides
418 791 517 876 igitur
547 791 738 859 Meinelrium
767 799 801 860 et
828 794 1046 878 Kappeynium
1070 794 1227 860 Venatum
1255 798 1380 860 secutos
1411 797 1521 860 contra
1543 789 1681 861 omnium
1709 797 1885 862 ceterorum

295 912 445 979 librorum
481 932 666 981 eonsensum
701 913 882 1004 αἰσχύνομαι
917 915 1077 998 probasse,
1113 913 1197 997 quod
1231 913 1361 980 verbum
1397 919 1531 997 uterque
1565 915 1792 998 interpretetus
1820 917 1886 980 est:

297 1032 415 1117 spudet
435 1051 486 1100 rna
506 1035 584 1100 tui«
630 1037 674 1101 nt
694 1037 828 1119 tempori
858 1037 1017 1120 rebusque
1038 1035 1115 1101 nihil
1136 1035 1237 1116 magis
1260 1051 1354 1117 quam
1377 1031 1544 1120 ὑβρίζομαι
1566 1035 1737 1101 convenire
1759 1052 1797 1100 ac
1816 1035 1887 1100 iura

294 1153 448 1220 Valsenus
477 1153 587 1220 Philol.
610 1155 719 1222 XXIV
740 1177 771 1240 p.
798 1162 857 1223 149
881 1151 1062 1246 αλσχάνοραι
1086 1157 1232 1236 verbum,
1256 1153 1339 1235 quod
1360 1154 1445 1220 iusta
1466 1153 1497 1219 vi
1520 1161 1617 1235 caret,
1633 1175 1671 1222 ex
1686 1155 1792 1237 glossa
1805 1173 1888 1222 mar·

295 1274 391 1356 ginali
414 1279 521 1341 ortum
544 1293 613 1343 asse
635 1277 806 1344 coniecisse
826 1278 961 1344 videtur.
992 1273 1177 1362 Ὑβρίζαραι
1200 1280 1306 1340 autem
1328 1275 1445 1358 optime
1467 1275 1501 1341 in
1524 1275 1668 1342 codicum
1682 1274 1815 1342 lectione
1830 1293 1887 1357 per

294 1395 459 1463 relativum
480 1415 651 1480 pronomen
675 1397 716 1464 ad
738 1399 880 1482 proxima
902 1398 1058 1465 adnexum
1081 1403 1139 1480 est,
1163 1417 1233 1465 cum
1257 1397 1430 1482 asyndeton
1452 1396 1511 1463 hoc
1534 1395 1602 1464 loon
1624 1414 1644 1462 a
1666 1413 1736 1463 meo
1759 1393 1886 1480 quidem

294 1533 389 1583 sensu
418 1533 513 1598 quam
541 1521 675 1586 maxima
704 1519 881 1586 abhorreat.
935 1519 999 1586 Sed
1032 1518 1117 1600 quod
1146 1519 1319 1586 Hermanni
1347 1518 1477 1601 Berglrii
1506 1515 1656 1585 Meinekii
1689 1516 1886 1583 coniecturas

294 1638 416 1719 evortit
439 1638 499 1706 hoc
521 1645 578 1706 est.
623 1641 817 1708 Ravennmis
840 1640 1016 1723 scripturae
1039 1634 1155 1702 τάλαιν’
1179 1636 1281 1722 ἔγωγε
1303 1643 1360 1727 τῆς
1382 1637 1513 1726 ὕβρεως
1533 1644 1700 1722 postauam
1721 1637 1885 1706 Dobraeus

294 1759 371 1826 hdv.
395 1759 427 1824 II
449 1779 479 1842 p.
504 1765 566 1827 333
587 1761 726 1828 Alexidis
750 1779 800 1843 ap.
819 1759 934 1827 Athen.
949 1760 996 1827 XI
1021 1779 1051 1844 p.
1068 1764 1128 1825 481
1146 1759 1173 1824 F
1189 1759 1289 1844 (Com.
1306 1755 1358 1824 ΙΙΙ
1372 1779 1402 1842 p.
1419 1760 1496 1843 422)
1511 1759 1721 1842 fragmentum
1735 1759 1781 1826 ita
1794 1757 1885 1824 resti·

294 1881 365 1960 tuit,
387 1886 425 1946 ut
438 1899 521 1946 nunc
536 1881 664 1964 legatur
685 1879 876 1944 ὦτάλαιν’
900 1879 977 1964 ἐγὼ
1000 1871 1103 1945 ιὰιιῶ
1113 1905 1137 1962 ν,
1161 1899 1199 1946 er
1222 1886 1290 1948 tnta
1312 1881 1472 1949 comoedia
1494 1881 1593 1946 attica
1614 1898 1675 1947 non
1697 1879 1770 1948 novi
1790 1896 1885 1961 quem

293 2000 395 2068 locum
410 2019 592 2085 comparare
607 2002 724 2086 possim
739 2008 866 2086 praeter
880 2002 1044 2068 Menandri
1061 2001 1145 2070 Com.
1163 1999 1210 2067 IV
1226 2021 1256 2085 p.
1270 2007 1331 2067 244
1347 2021 1394 2068 nr.
1408 2007 1449 2068 35
1472 1998 1580 2086 αἴραι
1602 2001 1723 2070 τάλας
1743 1997 1883 2082 ἔγωγε·

294 2123 352 2184 arob
379 2119 457 2186 ποθ’
485 2125 516 2185 al
545 2121 662 2209 φρένες
688 2123 749 2187 κτλ.
795 2122 858 2190 Sed
887 2122 939 2189 hio
967 2124 1063 2194 τάλας
1094 2121 1196 2207 ἔγωγε
1224 2121 1343 2191 dietum
1364 2129 1413 2189 est
1440 2140 1498 2206 pro
1521 2121 1617 2190 τάλας
1644 2119 1715 2205 εἰμι’,
1737 2137 1809 2188 cum
1830 2118 1883 2186 illo

291 2241 376 2309 Pluti
398 2241 467 2311 loco
489 2243 722 2310 exclamationis
743 2244 1025 2312 luculentissimum
1048 2245 1172 2328 signum
1193 2244 1357 2328 genetivus
1379 2243 1601 2326 subsequatur.
1633 2243 1745 2326 Itaque
1759 2259 1817 2327 par
1833 2247 1884 2310 eat

292 2358 437 2427 τάλαιν’
460 2363 535 2447 ἐγὼ
564 2369 633 2453 τῆς
654 2363 810 2451 ὕβρεως
831 2366 895 2434 diei
916 2385 953 2433 ex
976 2367 1179 2433 similitudine
1201 2367 1284 2433 illins
1300 2366 1439 2432 Alexidis
1455 2365 1615 2433 ethorum
1629 2364 1784 2432 locorum:
1807 2362 1882 2446 λινε.

292 2489 353 2550 735
376 2483 523 2550 τάλαιν’
547 2485 622 2570 ἐγὼ
645 2486 812 2551 τάλαινα
834 2491 902 2574 τῆς
922 2486 1141 2572 άμαρρίθος
1159 2490 1197 2577 ἣν
1219 2487 1335 2552 άλσπον
1357 2485 1433 2552 adeor
1448 2481 1642 2572 καταλέλοιφ’
1659 2491 1692 2552 et
1706 2483 1783 2552 noh.
1802 2487 1883 2552 1210

291 2605 410 2676 τάλας
432 2605 504 2688 ἐγὼ
527 2606 732 2694 ξυμβολῆς
750 2607 937 2693 βαρείας,
960 2608 1076 2690 quibus
1100 2607 1322 2692 Aristophanis
1344 2608 1420 2675 locis
1444 2607 1526 2674 addo
1548 2604 1709 2689 Euripidis
1731 2604 1880 2672 Androm.

292 2723 416 2792 iliad
439 2726 621 2814 σχέτλιος
642 2725 803 2791 παθέων
825 2726 899 2809 ἐγώ
922 2727 961 2794 cf.
978 2729 1032 2793 Ar.
1047 2727 1171 2794 Thetin.
1189 2732 1250 2795 559
1265 2725 1382 2794 τάλαιν’
1406 2727 1486 2812 ἐγώ·
1508 2728 1671 2814 φλυαρεῖς,
1686 2731 1748 2793 690
1763 2724 1881 2792 τάλαιν’

289 2847 352 2931 ἐγὼ
380 2849 524 2924 τάλαινα,
549 2849 655 2912 καὶτὸ
684 2847 804 2912 παιδίαν
832 2846 1018 2934 ἐξαρπάσας
1043 2871 1097 2932 μοι
1126 2847 1271 2935 φροῦδος
1294 2848 1357 2912 άπὸ
1380 2851 1434 2912 τσῦ
1463 2845 1593 2925 τιτθίον,
1616 2851 1678 2914 tou
1708 2845 1735 2910 ὦ
1763 2843 1879 2928 τάλαιν’

289 2964 364 3048 ἐγώ.
388 2957 531 3051 γυναῖκες
552 2969 608 3033 σάν
621 2965 770 3058 αλρήξεάς
795 2973 877 3036 1038
893 2966 920 3032 ὦ
944 2969 1040 3039 τάλας
1053 2967 1117 3053 ἐγὼ
1132 2969 1237 3046 τάλας,
1252 2969 1424 3051 Theognet
1439 2965 1525 3035 Com.
1542 2965 1589 3033 IV
1603 2986 1634 3051 p.
1652 2971 1723 3034 549.
1739 2985 1768 3033 v.
1793 2972 1811 3032 5
1833 2983 1880 3049 aq.

290 3082 317 3145 ὦ
340 3086 436 3156 τάλας
457 3087 531 3180 drab,
555 3089 612 3176 οἵῳ
632 3083 668 3174 μ’
692 3090 710 3151 θ
733 3087 853 3174 δαίμων
876 3088 1042 3176 φιλοσόφῳ
1065 3084 1245 3176 συνῴκισεν.
1283 3089 1372 3170 Quae
1386 3107 1457 3156 cum
1479 3089 1527 3155 ita
1548 3088 1619 3170 sitit,
1633 3087 1713 3154 nihil
1727 3083 1881 3155 relicuum

290 3209 340 3269 est
361 3205 420 3270 nisi
442 3212 479 3272 ut
499 3209 672 3276 scribamus
695 3228 766 3277 cum
788 3208 975 3276 editoribus:

741 3325 857 3394 τάλαιν’
880 3330 942 3414 ἐγὼ
966 3333 1023 3419 τῆς
1044 3329 1225 3420 ὕβρεοςῆς
1245 3329 1421 3416 ὑβρίζομαι.

289 3443 487 3512 Credendum
524 3447 621 3531 igitur
662 3455 711 3516 est
743 3454 777 3516 st
809 3451 992 3516 auctoritati
1034 3451 1174 3517 codicum
1208 3456 1241 3516 et
1275 3455 1383 3516 nostro
1418 3449 1535 3516 iudicio
1567 3447 1809 3532 Aristophanem
1842 3455 1880 3517 ut

288 3567 320 3632 in
343 3566 462 3636 melicis
490 3571 682 3639 carminibus
710 3570 756 3637 sio
782 3571 877 3638 etiarn
898 3570 931 3636 in
952 3569 1012 3635 hoo
1042 3569 1185 3636 trimetro
1207 3569 1340 3636 iambico
1363 3569 1444 3635 hano
1465 3570 1602 3651 genetivi
1624 3571 1656 3636 iu
1681 3605 1721 3620 -
1742 3593 1797 3641 τος
1816 3569 1878 3638 ior·

286 3705 370 3753 mam
388 3687 558 3757 admodum
582 3691 774 3759 commodam
790 3691 963 3771 admisisse,
986 3708 1049 3775 qua
1070 3691 1120 3757 bis
1135 3687 1280 3758 Eubulus
1295 3707 1372 3756 usus
1395 3695 1445 3755 est
1465 3689 1499 3754 in
1513 3691 1623 3772 paneis
1637 3687 1699 3756 illis
1714 3691 1877 3774 trimetris,
2015 3707 2021 3714 ·

286 3809 340 3890 qni
368 3808 459 3876 nobis
487 3812 604 3877 servati
632 3817 715 3894 suut,
738 3810 824 3879 (lom.
848 3811 900 3878 ΙΙΙ
920 3831 951 3896 p.
975 3815 1038 3877 238
1068 3813 1178 3875 πασῶν
1211 3808 1333 3874 διώκειν
1363 3807 1528 3897 ὕβρεσι,
1551 3809 1588 3874 od
1610 3809 1711 3875 πάθαν
1727 3811 1824 3900 χάριν
1844 3817 1878 3877 et

285 3947 315 4010 p.
339 3931 402 3995 263
425 3933 482 4018 τῆς
502 3929 642 4002 πόλεας
662 3931 883 4021 ἀπεχώρησαν,
912 3931 952 4021 ἧς
973 3930 1054 3996 εἷλαν
1077 3929 1156 3995 τότε.

388 4049 445 4117 Sat
466 4051 574 4118 multis
596 4051 672 4120 locis
693 4053 835 4120 homines
858 4052 1054 4119 doctissimos
1082 4049 1286 4119 Ravemmis.
1303 4051 1491 4118 auctoritate
1513 4052 1629 4119 abusos
1653 4069 1724 4118 ease
1746 4050 1874 4118 damon·

287 4174 420 4236 stratum
442 4177 507 4253 est;
535 4177 637 4239 restat
663 4177 700 4239 nt
722 4172 846 4240 duobus
871 4172 950 4239 locis
978 4171 1046 4255 ipse
1073 4191 1125 4238 me
1151 4171 1349 4254 redarguam.
1392 4170 1538 4255 Namque
1559 4189 1588 4236 v.
1612 4173 1674 4238 258
1695 4177 1769 4238 cum
1789 4172 1874 4254 apud

287 4283 500 4359 Thiarschium
521 4293 737 4362 fflvenuetem
759 4285 842 4358 ἐστιν
864 4294 1009 4359 omittere
1030 4293 1216 4360 adnotatum
1237 4291 1425 4360 invenissem
1446 4311 1504 4376 pro
1525 4291 1656 4374 vulgata
1677 4291 1830 4359 lectione:

663 4415 711 4487 ὡς
731 4413 813 4486 ελνιάι·
833 4411 915 4480 ἐστιν
937 4413 1085 4486 ἀσθενεῖς
1105 4413 1256 4502 γέροντας
1277 4413 1397 4502 ἄνδρας
1418 4411 1480 4503 ἤδη

284 4527 379 4596 aliam
401 4533 585 4601 emendandi
606 4535 691 4602 dam
712 4553 750 4603 ac
772 4535 957 4618 Meinekiua
980 4537 1034 4619 qui
1057 4533 1152 4606 ὄντας
1171 4534 1234 4625 ἤδη
1255 4535 1381 4621 scripsit
1402 4534 1454 4620 (ci.
1478 4535 1569 4603 Vind-
1592 4555 1623 4618 p.
1646 4533 1874 4619 blotinassa-

284 4631 347 4717 sns'
361 4651 558 4720 scribendum
577 4655 746 4740 proposui:

651 4775 698 4847 ὡς
719 4775 801 4848 clad<
821 4775 935 4847 ὄντας
955 4775 1103 4847 ἀσθενεῖς
1123 4776 1275 4863 γέροντας
1296 4774 1496 4866 ἄνδρατ.ἦθη
1540 4807 1543 4814 ·

281 4895 343 4961 vid.
388 4894 436 4962 De
457 4895 534 4962 Rau.
560 4901 592 4962 et
614 4897 691 4963 Ven.
714 4917 745 4980 p.
764 4902 804 4964 35
819 4915 865 4979 sq.
889 4901 922 4964 et
944 4896 1049 4964 Goett.
1072 4897 1133 4980 gel.
1158 4891 1235 4963 Ana.
1256 4899 1337 4963 1866
1359 4915 1389 4978 p.
1416 4901 1487 4979 158,
1508 4896 1563 4964 nbi
1584 4913 1667 4979 quaa
1688 4893 1801 4977 scripsi
1821 4894 1868 4960 eis

281 5031 365 5082 nunc
387 5015 464 5082 nihil
492 5015 604 5100 habeo,
626 5019 711 5100 qnod
733 5018 863 5094 addam
893 5017 978 5102 quod
1008 5036 1171 5102 opponam,
1194 5017 1304 5085 habau.
1348 5018 1515 5086 Geminum
1536 5017 1620 5082 anim
1640 5016 1744 5172 locum
1761 5015 1870 5080 inveni
