4708 5912
1118 541 1136 603 3

1025 625 1229 636 -η--ι-ι

332 745 494 814 codicibus
517 744 559 810 sit
579 743 727 827 praesidii
749 743 958 812 coniecturam
981 744 1069 827 prius
1091 745 1216 828 pariant
1239 762 1333 825 quam
1348 764 1429 829 quae
1443 746 1591 831 leguntur
1606 753 1754 833 corrupta
1775 768 1844 816 esse
1866 749 1919 818 de·

331 871 541 934 monstratum
564 865 614 932 sit.
653 866 721 946 Quo
744 864 861 932 lactum
884 871 941 947 est,
966 871 1003 932 ut
1024 886 1086 933 nou
1102 866 1212 943 solum,
1227 866 1312 950 quod
1328 863 1507 933 facillimum
1523 873 1572 936 est
1588 888 1626 936 ex
1641 869 1800 937 codicibus
1816 890 1917 939 emen·

332 989 564 1070 domigenas,
587 987 682 1054 unius
705 988 820 1055 codicis
841 987 973 1054 lectione
994 987 1109 1052 iniuria
1131 992 1290 1052 mutarent
1313 993 1488 1054 ceterorum
1511 990 1664 1070 omnium,
1688 1009 1796 1057 verum
1819 993 1915 1060 etiam

331 1110 456 1194 longius
478 1109 637 1194 progressi
655 1108 741 1175 haud
763 1082 835 1175 raro
858 1109 947 1176 cuius
970 1107 1084 1174 codicis
1107 1109 1281 1190 scripturae
1303 1110 1416 1176 ceteris
1445 1108 1550 1176 inritis
1574 1129 1667 1176 unam
1689 1116 1811 1193 partem
1835 1133 1915 1180 com-

330 1230 516 1314 probabant,
539 1229 679 1296 eiusdem
700 1229 854 1312 reliquam
876 1247 946 1296 cum
969 1229 1081 1295 ceteris
1097 1234 1320 1312 congruentem
1342 1249 1380 1296 err
1396 1229 1575 1296 coniectura
1592 1231 1685 1297 simul
1700 1233 1912 1302 immutarent.

331 1354 468 1432 Quorum
497 1355 643 1418 neutrum
671 1351 703 1416 id
731 1357 795 1430 est,
822 1350 905 1430 quod
928 1349 996 1415 lieri
1019 1350 1142 1416 omnino
1165 1369 1226 1416 non
1258 1350 1387 1426 debeat,
1418 1349 1479 1436 sed]
1501 1369 1590 1418 nemo
1614 1352 1676 1419 erit
1703 1354 1779 1435 quin
1801 1355 1918 1421 sentiat

330 1474 464 1539 alterum
487 1489 585 1555 genus
608 1472 706 1538 multo
729 1472 824 1538 etiam
846 1472 994 1537 maiorem
1018 1471 1193 1538 cautionem
1215 1472 1332 1538 babere
1353 1473 1466 1556 priore.
1512 1473 1624 1556 Itaque
1646 1477 1917 1559 operaepretium

330 1614 400 1662 esse
423 1594 557 1669 videtur,
580 1592 761 1676 diligentius
782 1592 981 1677 investigare,
1005 1609 1080 1657 num
1105 1590 1180 1675 quid
1211 1592 1242 1657 in
1265 1592 1324 1658 hoc
1346 1611 1462 1674 genere
1484 1593 1625 1660 homines
1647 1595 1746 1661 critici
1769 1595 1801 1661 iu
1822 1596 1915 1663 Pluto

329 1715 535 1800 peccauerint.

420 1837 466 1904 Ut
486 1837 622 1917 primum
645 1836 684 1903 de
704 1835 750 1902 eis
771 1835 866 1902 variis
888 1833 1073 1903 lectionibus
1096 1835 1258 1916 disseram,
1279 1854 1362 1918 quae
1376 1835 1568 1903 Ravenmbs
1591 1841 1624 1904 et
1639 1835 1752 1904 Veneti
1775 1854 1911 1904 commu-

331 1976 386 2024 nes
408 1963 490 2034 sunt,
512 1975 541 2022 v.
566 1961 627 2024 695
650 1952 771 2020 ἔπειτ’
795 1955 930 2046 ἐπειδὴ
951 1957 1096 2042 μεστὸς
1117 1954 1160 2046 ἦν
1183 1955 1436 2044 ἀνεπαυόμην
1460 1963 1594 2040 uterque
1614 1959 1711 2026 codex
1725 1977 1782 2041 pro
1799 1964 1916 2028 cetero·

331 2098 400 2146 rum
430 2077 635 2167 ἀνεπαυόμην,
665 2079 748 2162 quod
776 2078 915 2145 Venetus
943 2080 980 2144 ut
1006 2077 1126 2143 uariam
1152 2078 1316 2144 lectionem
1345 2078 1488 2145 additum
1509 2078 1614 2156 habet„
1643 2079 1914 2167 ἀνεπαλλόμην

332 2199 462 2265 exhibet.
506 2199 575 2265 Hoc
596 2199 734 2274 verbum,
758 2198 842 2280 quod
866 2216 946 2264 unus
969 2198 1123 2281 Bergkius
1146 2199 1273 2281 recepit7
1296 2198 1493 2266 intolerabile
1525 2217 1594 2266 esse
1621 2199 1798 2267 Meinekius
1821 2201 1913 2268 Vind.

332 2320 486 2404 Aristoph.
509 2341 539 2405 p.
564 2325 626 2386 214
655 2320 792 2387 breviter
819 2320 868 2386 his
890 2321 993 2386 verbis
1014 2319 1177 2386 iudicavit:
1209 2317 1330 2395 icario,
1354 2321 1475 2403 quius.
1502 2323 1563 2385 683
1588 2321 1646 2403 (sic
1668 2321 1750 2388 enim
1777 2323 1914 2390 scriben-

329 2441 401 2506 dum
424 2442 486 2525 est)
509 2447 698 2520 amorerat,
722 2460 806 2508 nunc
828 2441 896 2508 cibo
919 2441 1058 2523 repletus
1080 2458 1192 2507 rursus
1208 2441 1390 2524 requievit“‚
1407 2459 1501 2525 quam
1516 2442 1704 2508 seutentiam
1718 2443 1911 2510 verissimam

327 2562 422 2629 etiam
445 2562 677 2631 Heimsoethius
700 2564 768 2630 Ind.
792 2565 862 2630 lect.
887 2564 985 2631 Bono.
1009 2563 1128 2629 hibern.
1147 2565 1228 2628 1866
1243 2581 1272 2644 p.
1289 2561 1352 2628 XII
1368 2567 1496 2628 secutus
1519 2567 1576 2628 est.
1615 2563 1646 2628 Is
1669 2567 1773 2630 antem
1795 2565 1912 2632 Meine-
1946 2573 1951 2592 ⁸

325 2683 420 2760 lium,
443 2684 497 2764 qui
519 2683 719 2772 ἀνεπαυόμην
741 2685 869 2767 recepit,
892 2683 1102 2768 reprehendit,
1120 2683 1204 2767 quod
1229 2703 1290 2750 non
1305 2681 1490 2766 patefecerit
1505 2661 1610 2751 variae
1635 2683 1666 2749 in
1682 2684 1808 2767 optimis
1823 2685 1912 2752 libris

327 2805 469 2872 lectionis
492 2804 657 2889 originem3
680 2806 826 2872 nimirum
850 2805 1050 2893 ἀνεπαυόμην
1072 2805 1361 2888 interpretationem
1385 2823 1453 2872 esse
1469 2805 1552 2871 vocis
1574 2805 1607 2870 in
1629 2805 1688 2872 hac
1709 2825 1744 2872 re
1765 2806 1911 2890 propriae

327 2925 508 2989 ἀνεκλινό
512 2950 604 3015 μην,
622 2946 659 2994 ex
674 2944 738 3009 qua
749 2928 905 2995 residuam
920 2927 1057 2994 litteram
1073 2927 1090 2989 λ
1105 2925 1384 3009 interpretamento
1396 2924 1562 2992 admistam
1573 2925 1758 2992 vocabulum
1771 2925 1910 2993 effecisse

327 3048 503 3113 contrariae
516 3045 766 3130 significationis3
790 3065 826 3113 ac
840 3047 972 3116 conferri
984 3065 1076 3131 posse
1086 3035 1222 3130 Hesyoh.
1236 3045 1450 3122 ἀνόκλισιν,
1463 3045 1645 3110 ἀνάπαυσιν.
1659 3045 1744 3113 Suid.
1758 3047 1876 3112 ἀνόκλ
1885 3071 1910 3111 ι-

327 3189 402 3245 σις,
424 3167 605 3238 ἀνάπαυσις.
630 3167 730 3236 Scrihi
748 3169 844 3251 igitur
858 3167 926 3234 vult
941 3165 1039 3232 ἔπειτ’
1060 3167 1166 3257 ἐπειδὴ
1179 3168 1298 3252 μεστὸς
1312 3165 1350 3256 ἦν
1365 3167 1541 3231 όνεκλινό
1545 3189 1634 3254 μην,
1650 3168 1911 3250 quemadmodum

327 3288 450 3372 legatur
465 3288 555 3356 Hom.
580 3288 629 3354 od.
646 3286 701 3368 Ill,
719 3294 777 3354 371
803 3288 821 3378 ἦ
846 3289 893 3352 καὶ
916 3285 1163 3360 ἀνακλινθεὶς
1186 3289 1278 3354 πέσεν
1301 3287 1410 3362 ὕπτιος
1431 3293 1463 3353 et
1484 3288 1517 3352 in
1539 3287 1656 3355 Eubuli
1670 3286 1846 3373 fragmento
1861 3309 1910 3373 ap.

326 3407 440 3476 Athen.
464 3408 531 3474 XV.
548 3426 578 3490 p.
604 3413 664 3475 685
688 3429 705 3475 e
728 3408 826 3491 (Gom.
844 3409 1025 3492 111paoa,
1043 3406 1076 3495 2)
1100 3410 1146 3479 ὡς
1167 3410 1227 3496 γὰρ
1252 3407 1378 3500 εὶσῆλιὶε
1402 3409 1438 3474 τὰ
1460 3408 1605 3496 γερόντια
1628 3408 1692 3474 τότ’
1716 3410 1761 3480 εὶς
1782 3409 1910 3493 ἀτόμους,

231 3521 233 3526 ’
325 3526 420 3600 εὐθὺς
442 3529 680 3594 ἀνεκλίνετο.
714 3532 758 3596 At
779 3532 938 3598 sciendum
962 3536 1019 3610 est,
1041 3530 1125 3598 hunc
1147 3531 1264 3598 Eubuli
1285 3531 1386 3598 locum
1410 3549 1448 3596 ex
1470 3529 1617 3596 universa
1632 3529 1792 3596 comoedia
1813 3529 1912 3597 attica

324 3652 426 3718 solum
450 3669 528 3733 esse,
551 3653 604 3718 ubi
627 3651 845 3716 ἀνακλὶνεσόαι
866 3653 996 3720 verbum
1018 3652 1204 3718 inveniatur.
1250 3651 1353 3731 Quid?
1376 3651 1459 3733 quod
1483 3651 1573 3716 valde
1595 3649 1670 3715 mihi
1693 3651 1844 3734 probatur
1865 3650 1908 3716 ibi

325 3771 569 3839 κατεκλίνετο
592 3775 790 3842 scribendum
814 3793 893 3851 esse,
915 3775 1000 3859 quod
1022 3772 1262 3855 usitatissimum
1285 3773 1323 3838 de
1339 3770 1550 3838 accumbendo
1574 3772 1606 3837 in
1622 3771 1761 3837 convivio
1776 3773 1908 3838 verbum

325 3899 381 3973 est,
405 3893 443 3960 ef.
467 3895 543 3962 Aah.
569 3899 640 3960 981.
665 3895 758 3977 Vesp.
791 3899 873 3960 1208
902 3894 979 3958 ἀλλὰ
1010 3894 1100 3982 ιὶεομὶ
1122 3894 1308 3964 κατακλινεὶς
1329 3890 1533 3980 προμόνιὶανε
1562 3893 1745 3976 ξυμποτικὸς
1765 3890 1841 3956 εἶναι
1863 3893 1911 3956 καὶ

324 4015 582 4091 ξυνουσιαστικός,
606 4014 689 4082 unde
711 4015 911 4098 intellegitur,
935 4035 991 4083 cur
1013 4017 1239 4082 Demosthenes
1262 4016 1342 4097 Equ.
1367 4020 1407 4080 98
1430 4014 1535 4080 vinum
1558 4012 1716 4079 bibiturus
1739 4012 1823 4080 dicat
1845 4011 1907 4094 ἐγὼ

323 4136 359 4201 δὲ
381 4136 646 4226 κατακλινήσομαι,
671 4135 787 4220 Sophil.
813 4135 1016 4220 0011111111.
1042 4142 1099 4203 581
1125 4135 1166 4200 ἵν’
1190 4135 1256 4200 ἐκεῖ
1274 4133 1466 4205 κατακλιθεὶς
1494 4133 1598 4217 (scrib.
1624 4133 1822 4216 κατακλινεὶς)
1846 4131 1906 4196 ἐπι-

323 4255 508 4346 δορπίσηται
531 4257 587 4328 τὰς
610 4257 712 4328 όνεὶας
730 4256 878 4341 ματτόας.
907 4259 984 4325 Xen.
1010 4257 1179 4340 00111111,
1202 4263 1231 4324 8.
1259 4263 1306 4324 13.
1330 4258 1372 4338 ll,
1396 4255 1483 4340 23³⁸).
1513 4253 1756 4320 Κατακλίνεαιὶαι
1777 4255 1906 4322 verbum

323 4376 459 4446 fortasse
481 4379 575 4445 etiam
598 4376 773 4446 acutione
796 4399 824 4444 v.
849 4384 910 4444 695
933 4383 1019 4445 recte
1041 4385 1249 4463 usurparetur
1271 4376 1308 4446 cf.
1326 4378 1475 4462 Hyperid.
1498 4375 1618 4444 Euxen.
1642 4396 1667 4443 c.
1692 4381 1742 4440 27.
1767 4376 1784 4438 ό
1807 4375 1908 4462 δῆμος

324 4497 516 4586 προσέταξεν
539 4499 721 4587 Εὐξενίππῳ
744 4499 837 4588 τμὶτῳ
861 4499 948 4587 αὐτῷ
969 4497 1223 4588 ἐγκατακλιθῆναι
1246 4500 1287 4571 εἰς
1312 4502 1346 4563 τὸ
1368 4499 1469 4586 ὶεμόν;
1497 4499 1553 4566 sed
1575 4498 1727 4583 optimum
1751 4497 1906 4579 estquod

323 4619 494 4687 deteriores
523 4621 594 4688 libri
622 4625 841 4702 serraverunt,
870 4617 1085 4685 ἀναπαύεσθαι
1100 4621 1239 4701 verbum,
1262 4621 1346 4701 quod
1373 4621 1413 4687 de
1435 4619 1657 4702 requiescendo
1680 4636 1718 4685 ex
1739 4635 1835 4686 coena
1856 4616 1905 4686 iel

322 4753 526 4762 --——--—.—.

394 4813 422 4880 a)
440 4811 576 4864 Luciammn
595 4812 677 4880 ipsum
695 4809 736 4863 rel
755 4809 899 4880 quicunque
917 4809 981 4862 alins
999 4811 1075 4863 huius
1093 4810 1179 4877 scripti
1196 4817 1281 4862 auctor
1299 4816 1345 4872 est,
1362 4826 1413 4862 non
1430 4810 1544 4862 librarios
1569 4809 1711 4878 peccavisse
1723 4809 1831 4861 Cobotus
1850 4807 1903 4859 obs.

323 4915 377 4968 crit.
402 4933 428 4984 p.
453 4915 512 4971 261.
536 4917 586 4972 319
611 4915 750 4968 rectissimo
774 4914 904 4968 conanda
925 4914 985 4966 Luc.
1010 4915 1035 4979 3,
1053 4915 1097 4967 nbi
1119 4915 1182 4967 haee
1203 4913 1334 4981 leguntur:
1372 4911 1415 4964 καὶ
1439 4909 1625 4984 όἿππσμχός,
1643 4929 1678 4976 με
1704 4910 1905 4974 δεξιωσάμενος

322 5017 431 5071 ἐκέλευε
450 5017 767 5072 συνανακλίνεσιὶαι
784 5017 847 5082 μετ’
867 5019 960 5072 αάτοῦ.
980 5018 1011 5068 τὸ
1030 5017 1059 5068 δὲ
1079 5017 1185 5070 ἀεῖπνον
1205 5017 1236 5070 οὐ
1255 5017 1363 5088 σφόδρα
1381 5016 1460 5075 λιςόν.

1701 5104 1739 5159 1*
