4708 5912
1270 593 1312 656 32

1194 679 1393 690 ι-ι-ιι--ι

491 807 621 872 prorsus
643 791 683 857 ud
706 790 945 858 similitudinem
966 791 1107 860 Nohinm
1129 814 1179 861 aa.
1205 801 1264 862 111
1288 814 1351 880 sq.:

851 947 929 1012 κατά
951 951 1007 1036 τῆς
1029 949 1187 1037 τραπέζης
1208 950 1436 1020 καταπάσας
1456 949 1569 1038 λεπτην
1591 945 1711 1035 τέφραν

851 1067 1007 1153 κάμφας
1027 1068 1189 1152 ὀβελίσκον
1213 1068 1300 1135 είτα
1322 1067 1475 1158 διαβήτην
1496 1067 1607 1152 λαβών

851 1187 963 1274 ἐνιπῆς
986 1188 1179 1276 παλαίστρας
1200 1187 1353 1275 θυμάτιον
1376 1187 1528 1275 ὑφείλετο.

486 1332 598 1408 Ἐσδός
628 1356 704 1405 vero
737 1357 800 1405 uon
835 1340 942 1407 addita
976 1342 1087 1410 domus
1126 1343 1269 1421 nodone,
1297 1344 1330 1410 in
1363 1361 1457 1425 quam
1490 1341 1541 1410 iur
1573 1341 1753 1424 irrepserit,
1776 1357 1871 1423 quam
1892 1341 2031 1410 maxime
2053 1361 2093 1410 ex

490 1474 551 1522 usu
573 1458 794 1541 Aristophanis
817 1460 936 1527 dietum
958 1467 1016 1529 est
1062 1461 1114 1530 Sic
1135 1463 1229 1544 Vesp.
1255 1467 1316 1529 500
1338 1480 1384 1546 sq.
1412 1459 1491 1548 κάμέ
1516 1454 1545 1543 γ’
1574 1461 1594 1548 ἡ
1623 1458 1723 1548 πόρνη
1746 1457 1828 1550 χθὲς
1850 1459 2091 1528 εἰσελθόντα

490 1579 548 1665 τῆς
565 1577 779 1666 μεσημβρίας,
806 1578 854 1644 δτι
876 1580 1032 1670 κελητίσαι
1069 1579 1214 1657 ’κέλευον
1242 1577 1482 1668 ὀξυθυμηθεῖσά
1504 1603 1559 1666 μοι
1587 1579 1649 1644 κτλ.
1677 1576 1858 1644 εἰσελθόντα
1889 1579 2009 1648 dictum
2039 1588 2090 1651 est

490 1714 548 1780 pro
579 1697 761 1762 εἰσελθόντα
777 1699 834 1772 Ιεἰς
861 1703 1031 1786 πορνεῖον,
1065 1701 1118 1781 qui
1148 1701 1235 1767 locus
1262 1699 1353 1767 iaeile
1381 1699 1547 1782 cogitando
1573 1699 1747 1784 suppletur,
1775 1719 1845 1766 cnm
1874 1699 1975 1790 πόρνη
2004 1707 2093 1770 antc-

491 1817 598 1892 cedat3
620 1817 703 1885 Plut.
729 1824 812 1885 1183
835 1822 888 1883 νῦν
910 1815 941 1884 δ’
966 1818 1095 1891 οδδεελς
1117 1817 1186 1884 θύει
1209 1821 1243 1884 τὸ
1273 1821 1420 1906 παράπαν
1449 1817 1540 1883 οὐδὲν
1570 1815 1640 1883 οὐδ’
1669 1817 1841 1908 εἰσέρχεται
1865 1820 1942 1910 πλην
1972 1821 2093 1887 ἀποπα-

491 1938 658 2030 τησόμενοί
683 1962 720 2024 γε
748 1941 833 2004 πλεῖν
859 1938 879 2028 η
904 1940 1010 2026 μύριοι
1046 1941 1138 2010 facile
1166 1941 1240 2008 inde
1267 1940 1351 2022 quod
1381 1940 1459 2008 hacc
1486 1939 1584 2006 verha
1604 1958 1625 2006 a
1645 1939 1809 2007 sacerdote
1838 1940 1987 2008 dicuntur
2009 1960 2092 2027 eque

491 2064 559 2124 toto
581 2060 732 2126 orationis
755 2078 874 2126 conexu
896 2061 1099 2145 intellegitur,
1123 2059 1300 2149 εἰσέρχεται
1322 2059 1399 2126 nihil
1421 2059 1472 2126 hie
1495 2077 1565 2126 essa
1587 2076 1682 2141 quam
1707 2059 1826 2124 »iuuat
1846 2059 1879 2125 in
1902 2059 2089 2145 templum«

489 2176 583 2245 Haud
611 2178 704 2246 aliter
730 2199 768 2246 eo
797 2180 836 2247 de
865 2200 927 2264 quo
955 2181 1061 2264 agitur
1089 2181 1157 2248 loeo
1180 2178 1287 2250 εἰσδὺς
1307 2180 1368 2247 omi
1381 2197 1434 2246 ssa
1458 2178 1549 2246 domo
1572 2177 1634 2244 diei
1656 2181 1770 2262 potest,
1792 2178 1866 2259 quia
1889 2177 1971 2247 iuris
1996 2184 2103 2272 modo,

484 2299 602 2364 mentio
624 2297 707 2365 iacto
729 2303 787 2365 est
1261 2368 1264 2376 ,

589 2417 692 2484 Huius
714 2419 888 2487 sententiae
910 2439 969 2505 ego
989 2423 1100 2487 auctor
1122 2419 1212 2486 extiti
1235 2420 1268 2484 in
1299 2437 1435 2486 censura
1463 2417 1619 2485 Meiuekii
1647 2415 1863 2484 vindiciarum
1887 2418 1962 2487 libri
1985 2419 2091 2490 Goett

487 2536 547 2620 gel.
570 2537 648 2603 huz.
676 2537 757 2603 1866
778 2556 809 2620 p.
835 2543 894 2605 156
918 2546 1015 2624 atque
1036 2558 1105 2606 eam
1127 2539 1258 2621 repetivi
1286 2540 1318 2606 in
1347 2556 1481 2608 censura
1511 2537 1736 2604 Heldermauui
1764 2538 1803 2604 de
1823 2536 1918 2606 Pluto
1941 2540 2091 2608 disserta·

489 2656 582 2722 tionis
605 2657 637 2723 in
669 2658 835 2725 annalibus
861 2659 1058 2744 philologieis
1083 2665 1163 2726 1867
1187 2680 1218 2744 p.
1242 2664 1315 2738 402,
1344 2676 1438 2741 quam
1471 2675 1634 2725 censuram
1656 2655 1841 2741 Koppcyniu
1863 2676 1923 2725 van
1946 2659 1985 2727 dc
2007 2658 2088 2742 cop

488 2775 570 2859 pello
593 2776 819 2844 Heldermauui
839 2778 983 2862 populari
1005 2779 1184 2846 innotuisse
1208 2798 1246 2846 ex
1269 2784 1354 2846 certo
1376 2779 1490 2845 indicio
1513 2778 1643 2862 conligo,
1660 2776 1902 2846 Herwerdenum
1923 2776 2008 2844 illins
2030 2779 2086 2847 ho

489 2895 582 2962 ruinis
605 2895 776 2964 doctissimi
798 2901 831 2964 et
851 2899 953 2980 ipsum
975 2899 1158 2982 popularem
1180 2899 1300 2982 fugisse
1323 2899 1396 2965 inde
1420 2898 1637 2981 conligendum
1660 2916 1730 2966 essa
1743 2902 1831 2981 puto,
1853 2895 1937 2980 qnod
1952 2899 2086 2965 eandem

490 3017 676 3084 seutentiam
699 3022 737 3082 nt
757 3035 846 3083 suam
873 3019 1036 3102 proposuit
1065 3020 1097 3084 in
1120 3017 1278 3085 Analeetis
1309 3017 1424 3085 criticis
1452 3017 1493 3085 ad
1516 3017 1729 3100 Thucydidem
1750 3017 1877 3100 Lysiam
1901 3015 2089 3101 Sophoclem

490 3135 732 3218 Aristophanem
754 3143 788 3204 et
808 3138 995 3206 comicorum
1016 3157 1201 3224 graecorum
1222 3138 1399 3221 fragments
1419 3135 1487 3220 Trj.
1511 3139 1552 3205 ad
1574 3137 1633 3204 Rh.
1655 3141 1737 3204 1868
1759 3156 1790 3221 p.
1815 3141 1864 3202 55.
1910 3135 1974 3204 Sed
1995 3137 2089 3206 homo

491 3255 691 3324 doctissimus
713 3276 775 3326 nou
796 3276 903 3326 amam
924 3260 1128 3341 sententiam,
1157 3259 1215 3327 sed
1236 3277 1375 3327 errorem
1396 3259 1552 3343 repetivit
1597 3257 1716 3326 Versus
1738 3256 1820 3323 enim
1841 3255 1894 3324 illa
1916 3264 2087 3342 suspectus

491 3377 570 3442 satis
591 3376 771 3444 defenditur
792 3378 996 3446 similitudine
1017 3380 1240 3448 nonnullorum
1263 3379 1412 3458 locorum,
1439 3379 1494 3446 ubi
1517 3376 1599 3444 idem
1620 3374 1771 3443 narrandi
1797 3393 1899 3460 genus
1921 3376 2086 3444 observari

491 3501 614 3580 potest,
636 3498 729 3582 Vaep.
755 3503 837 3566 1382
860 3517 924 3583 sq.:

847 3667 1049 3756 Ὀλυμπίασιν,
1073 3665 1150 3760 ἡνίκ’
1173 3668 1337 3759 ἐθεώρουν
1359 3668 1435 3754 ἐγώ,

850 3789 1020 3878 Ἐφουδίων
1041 3789 1251 3881 ἐμαχέσατ’
1270 3787 1428 3877 Ἀσκώνδᾳ
1450 3786 1553 3856 καλῶς

851 3909 912 4000 ἤδη
933 3912 1038 3999 γέρων
1059 3909 1119 3976 ὤν·
1142 3910 1228 3977 εἶτα
1250 3915 1291 4001 τη·
1313 3915 1420 3998 πυγμῇ
1442 3906 1545 3974 θενὼν

851 4032 869 4094 ό
892 4030 1112 4120 πρεσβύτερος
1133 4031 1287 4116 κατέβαλε
1309 4031 1362 4098 τὸν
1385 4029 1549 4116 νεώτερον.
1636 4089 1643 4102 ,

492 4185 535 4253 m.
558 4201 587 4252 v.
612 4189 692 4252 1401
717 4201 780 4268 sq.:

850 4339 993 4428 ᾼίσιυπον
1015 4339 1077 4404 άπὸ
1099 4337 1225 4404 δείπνου
1246 4334 1412 4422 βαδίζονθ’
1436 4335 1575 4424 §calpae

850 4456 987 4546 θρασεῖα
1008 4459 1057 4526 καλ
1075 4456 1201 4548 μεθύση
1225 4482 1270 4532 τις
1291 4459 1449 4525 ὑλάκτει
1471 4456 1562 4523 κίων.

849 4575 996 4644 κᾶπειτ’
1021 4577 1140 4652 ἐκεῖνος
1162 4577 1246 4645 εἶπεν
1268 4580 1328 4646 κτλ.

848 4888 955 4962 Λᾶσός
976 4887 1044 4956 ποτ’
1068 4890 1330 4956 ἀντεδίδασκε
1352 4888 1401 4954 καί
1421 4883 1615 4978 Σιμωνίδης·

847 5007 973 5076 ἔπειθ’
994 5012 1013 5074 ό
1034 5010 1142 5083 Δᾶσσς
1158 5008 1253 5090 εἶπεν,
1275 5007 1379 5092 ὀλίγον
1397 5031 1452 5094 μοι
1471 5003 1569 5094 μίλει.
