4708 5912
1046 621 1086 686 37

274 841 423 894 versuum
445 823 565 901 ordine,
587 840 679 907 quom
702 841 761 906 ego
782 822 876 902 volui,
900 822 1082 891 adolescens
1112 821 1200 906 prior
1228 841 1322 890 auom
1349 823 1469 908 μεῖραξ
1493 823 1646 892 uocabulo
1675 841 1732 906 per
1757 823 1862 892 losum

277 943 443 1028 signifieat,
466 961 536 1012 enm
559 942 649 1010 dicit:
673 943 725 1006 νῦν
747 941 781 1006 δ’
804 939 890 1006 ἄπιθι
905 941 1028 1030 χαίρων
1051 941 1217 1026 συλλαβὼν
1240 943 1294 1031 τὴν
1313 941 1458 1028 μείρακα,
1482 941 1668 1028 Chremylns
1682 945 1776 1026 paulo
1791 949 1865 1025 pose

275 1085 304 1132 v.
329 1069 408 1131 1071
433 1059 502 1128 ἀλλ’
524 1060 551 1126 ὦ
574 1057 706 1128 νεανίσκ’
730 1059 787 1126 οὐκ
807 1060 851 1126 ἐῶ
874 1062 928 1151 τὴν
948 1062 1085 1152 μείρακα
1103 1065 1205 1148 μισεῖν
1227 1085 1265 1127 σε
1287 1063 1400 1152 ταύτην
1415 1064 1598 1148 pronomine
1616 1065 1863 1133 demonstrativo

274 1183 392 1266 addito,
415 1183 448 1250 id
470 1183 555 1268 quod
577 1188 687 1252 oontm
707 1183 753 1250 rei
775 1187 921 1251 naturam
943 1181 1012 1249 lieri
1040 1201 1161 1250 oenseo.
1206 1184 1293 1251 Haeo
1317 1185 1399 1250 euim
1428 1201 1488 1252 uox
1511 1185 1635 1253 vetulae
1656 1203 1768 1267 parum
1791 1203 1862 1252 oon·

277 1305 380 1382 neuim
407 1320 470 1388 qua
492 1304 649 1372 (lenense
671 1303 786 1372 chorus
808 1293 902 1370 enum
931 1301 958 1367 ὦ
982 1299 1165 1393 μειρακίσκη
1195 1303 1361 1372 adlocutus
1389 1322 1424 1371 se
1453 1310 1599 1371 excusat:
1628 1301 1778 1369 πυνθάνει
1804 1303 1864 1390 γὰρ

279 1426 412 1514 ὡρικῶς,
432 1441 513 1507 quaa
535 1423 633 1494 rerba
653 1443 714 1492 uon
728 1423 848 1492 ,dubito
870 1426 946 1507 quin
968 1427 1063 1509 poeta
1085 1424 1125 1491 de
1148 1425 1289 1508 sirg'ueo
1311 1423 1414 1502 modo,
1437 1443 1499 1509 quo
1522 1441 1601 1491 anus
1615 1425 1866 1509 interrogaverit,

219 1539 222 1546 ¹
275 1546 416 1632 intellegi
437 1546 572 1614 voluerit
593 1546 631 1614 cf.
654 1547 779 1613 Thetim.
800 1549 861 1613 587
885 1545 914 1610 τί
933 1540 964 1610 δ’
989 1543 1071 1610 ἔστιν
1093 1543 1120 1607 ὦ
1141 1546 1213 1628 παῖς
1236 1544 1331 1610 παῖδα
1353 1545 1416 1632 γάρ
1438 1543 1471 1608 σ’
1494 1544 1576 1615 elada·
1596 1544 1708 1622 καλεῖν,

874 1663 938 1736 ἕως
959 1663 997 1728 δν
1019 1662 1123 1738 οῶτιος
1143 1663 1199 1735 τὰς
1219 1663 1360 1748 γνάθους
1380 1661 1475 1752 ᾡιλὰς
1497 1662 1573 1755 ἔχητ
1594 1670 1627 1733 et

649 1785 744 1870 vesp.
770 1788 851 1854 1297
875 1783 903 1848 ri
922 1780 954 1849 δ’
978 1781 1060 1848 ἔστιν
1082 1783 1109 1849 ῶ
1132 1788 1201 1862 παῖ;
1227 1784 1322 1849 παῖδα
1344 1786 1415 1871 γάρ,
1439 1785 1494 1851 κδν
1516 1781 1539 1875 ᾖ
1560 1786 1673 1873 γέρων,

872 1905 974 1970 καλεῖν
996 1904 1113 1970 δίκαιον
1135 1905 1221 1978 δσεις
1243 1905 1281 1970 δν
1303 1906 1423 1995 πληγὰς
1443 1906 1537 1995 λᾶβη.

277 2031 330 2100 Sic
354 2031 449 2099 etiam
471 2029 527 2099 ubi
547 2029 580 2096 lu
602 2027 766 2112 conloquio
790 2024 949 2111 Chremyli
971 2031 1004 2094 et
1031 2026 1238 2096 adolescentis
1268 2045 1348 2094 auus
1376 2027 1510 2112 primum
1537 2029 1656 2115 μεῖραξ
1680 2027 1867 2112 adpellatur,

277 2158 315 2222 ut
336 2170 418 2239 quae
439 2151 566 2218 taudem
589 2149 713 2218 dicatur
734 2150 887 2232 adpareat
907 2148 976 2216 iuro
998 2148 1127 2216 additur
1148 2165 1338 2233 pronomem
1373 2155 1539 2232 postquam
1568 2154 1673 2216 autem
1705 2149 1800 2216 semel
1822 2150 1867 2216 sia

282 2272 441 2358 adpellata
462 2278 527 2354 est,
549 2270 828 2340 demonstrativum
850 2287 1021 2354 pronomen
1043 2270 1161 2336 rectius
1183 2269 1348 2336 omittitur.
1392 2269 1471 2336 Tam
1492 2274 1580 2336 arole
1601 2273 1707 2337 autem
1729 2270 1813 2336 iuter
1833 2285 1869 2336 ss

282 2394 438 2463 mniunon
460 2397 537 2460 sunt
557 2408 607 2458 vu.
633 2395 840 2460 1076-1081
871 2396 905 2457 et
924 2408 974 2458 vr.
1000 2393 1226 2473 loll—1075,
1256 2395 1293 2456 ut
1319 2390 1346 2456 si
1374 2389 1624 2456 demonstratum
1653 2394 1702 2456 est
1727 2409 1756 2456 r.
1786 2391 1867 2457 1079

276 2519 519 2585 consentaneum
549 2531 618 2582 esso
644 2513 736 2596 sequi
761 2517 834 2596 post
863 2530 893 2577 v.
921 2516 1012 2589 1071,
1041 2509 1189 2578 uoniam
1217 2509 1317 2595 possit
1346 2507 1472 2577 defendi
1493 2526 1564 2576 mea
1584 2508 1696 2577 horum
1719 2527 1868 2578 versrmm

276 2633 490 2719 transpositio.
1366 2699 1370 2708 .

380 2755 538 2824 versuum
561 2757 732 2821 lde-274
754 2753 895 2822 ordinem
916 2753 1137 2837 perturbatum
1159 2753 1362 2838 Kappeyuius
1384 2773 1445 2822 van
1474 2754 1514 2822 ds
1536 2754 1685 2838 Coppello
1706 2773 1736 2837 p.
1761 2757 1802 2820 60
1824 2753 1869 2823 sic

277 2875 364 2945 facili
386 2877 514 2964 negotio
538 2875 662 2944 restitui
683 2892 777 2959 posse
799 2881 914 2951 censet.
937 2880 973 2941 ut
994 2893 1043 2942 vv.
1067 2877 1238 2942 268-270
1260 2879 1334 2942 ante
1355 2893 1405 2942 ru.
1422 2877 1590 2941 264-267
1607 2879 1869 2958 transponantur:

554 2999 617 3064 XO.
639 2995 666 3062 ὦ
683 2997 806 3088 χρυσὸν
828 2995 973 3080 ἀγγείλας
994 2995 1080 3059 ἐπῶν
1103 2998 1170 3067 πῶς
1191 2996 1271 3086 φης
1294 2996 1383 3060 πάλιν
1406 2997 1532 3083 φράσον
1552 3019 1615 3082 μοι.

636 3118 743 3208 δηλοῖς
763 3117 825 3204 γὰρ
848 3115 941 3180 αὐτὸν
963 3117 1070 3203 σωρὸν
1093 3117 1177 3206 ἥκειν
1193 3118 1368 3208 χρημάτων
1391 3113 1510 3206 ἔχοντα.

557 3239 617 3306 ΚΑ.
642 3239 860 3327 πρεσβυτικῶν
878 3237 939 3324 μὲν
961 3236 1016 3303 οὖν
1039 3242 1142 3302 κακῶν
1164 3233 1260 3322 ἔγωγ’
1284 3235 1395 3327 ἔχοντα
1416 3236 1532 3324 σωρόν.
1620 3279 1625 3288 ·

557 3359 618 3423 XO.
642 3357 724 3424 ἔστιν
746 3359 782 3425 δὲ
804 3357 843 3448 δη
867 3357 895 3424 τί
916 3360 965 3423 καλ
987 3355 1086 3423 πόθεν
1108 3359 1144 3422 ιδ
1168 3360 1297 3445 πρᾶγμα
1318 3353 1412 3422 τοῦθ’
1434 3357 1456 3421 δ
1476 3378 1586 3444 φησιν,

554 3477 614 3543 ΚΑ.
638 3477 719 3570 ἔχων
741 3478 865 3565 ἀφῖκται
888 3478 985 3565 δεῦρο
1009 3477 1190 3567 πρεσβύτην
1214 3471 1270 3542 τιν’
1293 3475 1320 3542 ὦ
1344 3475 1478 3566 πονηροί

634 3602 784 3686 ῥυπῶντα
807 3600 905 3687 κυφὸν
927 3597 1035 3664 ἄθλιον
1054 3600 1156 3687 ῥυσὸν
1177 3598 1329 3686 μαδῶντα
1352 3597 1469 3664 νωδόν·

638 3716 721 3804 οἶμαι
742 3718 778 3784 δὲ
800 3719 836 3808 νὴ
859 3725 912 3784 τῶν
933 3719 1068 3806 ου’ρανὸν
1092 3722 1141 3784 καὶ
1163 3721 1270 3806 ψωλὸν
1292 3719 1385 3784 αὐτὸν
1408 3717 1494 3784 εἶναι.

282 3838 463 3921 Improbavi
484 3839 566 3908 hano
581 3841 865 3926 transpositionem
886 3841 919 3908 in
939 3839 1135 3910 Fleckeiseni
1157 3840 1323 3909 annalibus
1345 3858 1374 3906 a
1400 3843 1483 3908 1868
1505 3859 1536 3924 p.
1560 3845 1632 3924 476,
1655 3841 1739 3926 quod
1761 3858 1871 3909 versus

282 3959 337 4044 qni
359 3963 424 4026 est:

639 4081 722 4150 ἔστιν
744 4082 781 4149 δὲ
802 4083 842 4173 δὴ
865 4081 960 4148 rixosi
983 4079 1081 4148 πόθεν
1103 4083 1138 4148 τὸ
1162 4086 1291 4170 πρᾶγμα
1314 4077 1403 4147 τοῦθ’
1427 4081 1448 4144 d
1469 4102 1579 4171 φησιν;

285 4177 642 4286 mmmm&

640 4326 657 4390 ὁ
680 4323 835 4415 δεσπότης
857 4327 919 4413 γάρ
942 4347 1037 4415 φησιν
1060 4325 1141 4410 ὑμεῖς
1162 4323 1268 4414 ηδέως
1289 4324 1430 4398 ἅπαντας

641 4449 763 4536 ψυχροῦ
785 4444 858 4532 βίου
881 4449 929 4512 καῖ
951 4445 1103 4512 δυσκόλου
1128 4446 1233 4535 ζήσειν
1257 4446 1491 4532 ἀπαλλαγέντας

285 4581 378 4630 suum
400 4565 503 4633 losum
530 4585 594 4634 uon
619 4568 760 4637 haberet.
811 4568 902 4650 Quod
929 4587 985 4636 our
1012 4568 1141 4634 dixerim
1170 4569 1311 4651 adparet.
1363 4566 1459 4657 δησίν
1487 4568 1571 4637 euim
1598 4569 1729 4636 verbum
1757 4587 1785 4634 v.
1810 4572 1872 4636 264

284 4690 394 4770 aperte
415 4688 584 4771 respondet
605 4691 624 4753 l
645 4688 803 4780 δεσπότης
825 4691 886 4778 γάρ
909 4713 1003 4779 φησιν
1025 4691 1130 4758 verbis
1152 4695 1316 4774 totamque
1335 4690 1417 4759 hano
1430 4689 1707 4774 interrogationem
1722 4689 1872 4773 subsequi

285 4824 344 4889 par
366 4811 416 4876 est
436 4809 569 4892 primam
592 4812 733 4894 satisque
761 4813 928 4882 obscuram
951 4810 1095 4880 (lenonis
1122 4829 1222 4879 novae
1250 4809 1395 4878 fortunae
1425 4807 1693 4896 significationem.
1744 4810 1872 4892 Contra,

289 4927 316 4994 si
338 4928 428 5014 quid,
456 4929 544 4998 chori
565 4931 660 5000 bilem
681 4953 808 5003 morere
828 4952 957 5003 necesse
978 4937 1047 5002 erat
1068 4935 1166 5002 uerba
1188 4933 1404 5020 πρεσβυτικῶν
1433 4932 1512 5008 κτλ,
1541 4949 1623 5015 quas
1649 4947 1775 5015 quoquo
1804 4931 1872 4999 loco

290 5047 440 5138 leguntur
461 5050 572 5138 utiquo
594 5055 751 5122 curiosum
774 5055 860 5125 chori
882 5055 929 5124 rei
950 5054 1183 5141 cognoscendae
1204 5053 1344 5124 studium
1366 5054 1540 5140 aegerrime
1561 5053 1692 5122 turbant
1712 5052 1762 5120 rel
1777 5051 1873 5122 etiam
