4708 5912
1045 605 1086 668 23

269 818 344 905 σιρὸν
366 813 532 904 φάγοιμ’
554 811 597 877 ἄν
619 818 653 880 eb
672 817 746 893 posi
769 811 968 895 negationem
990 809 1029 872 dv
1050 809 1100 876 rel
1121 807 1252 892 aliquod
1274 805 1470 884 vocobulum,
1495 805 1585 871 euius
1607 806 1654 871 uis
1669 804 1861 874 intendenda

270 943 336 1019 est,
364 935 638 1018 excipientium
662 937 720 998 081
746 931 815 995 οὐκ
835 930 878 995 ἂν
900 929 1046 1017 γενοίμην
1061 925 1253 1016 Ἡρακλῆς
1274 925 1334 1004 ἄν,
1364 927 1449 994 Eecl.
1475 925 1627 992 1180οκ
1650 926 1698 1024 dv
1726 923 1862 1014 φθάνοις

270 1059 305 1124 τὸ
327 1056 482 1142 γένειον
504 1055 549 1120 (iu
572 1051 796 1141 περιδουμένη,
824 1051 907 1118 Nub.
934 1055 1015 1117 1056
1038 1047 1225 1113 οὐδέποτ’
1252 1047 1297 1112 ἂν
1326 1045 1425 1112 ἐποίει
1452 1081 1497 1096 --
1527 1046 1728 1135 ἀγορητὴν
1756 1042 1801 1112 riv
1828 1051 1862 1113 ei

268 1181 393 1246 inverso
414 1175 524 1244 ordine
548 1175 604 1241 As.
630 1179 711 1240 1147
735 1171 763 1238 τί
783 1172 864 1261 θῆτα
886 1171 1009 1242 πόδες
1031 1171 1075 1235 ἂν
1098 1171 1168 1235 οὖν
1195 1166 1241 1234 ιλν
1267 1167 1456 1256 ἐργασαίατο
1484 1173 1519 1234 et
1540 1168 1612 1250 Lyn.
1638 1171 1696 1232 361
1727 1168 1861 1255 φωνὴν

270 1295 315 1364 ἂν
337 1297 403 1364 οὐκ
425 1292 469 1361 ἂν
492 1295 592 1386 ελχιιο,
621 1295 671 1362 vel
699 1295 830 1362 verbum
858 1293 987 1377 exeipit:
1017 1293 1092 1360 Aeli.
1118 1295 1180 1357 709
1206 1285 1289 1354 οὐδ’
1318 1284 1362 1354 ἂν
1391 1289 1486 1378 αὐτὴν
1515 1289 1570 1378 τὴν
1594 1283 1712 1378 Ἀχαίαν
1736 1288 1863 1377 ῥᾳδίας

183 1389 186 1396 λ
269 1416 451 1510 ἠνέσχετ’
474 1416 527 1493 α’ν,
551 1415 767 1499 1093000ν
790 1409 835 1478 ἂν
858 1411 993 1479 ιλιελθεῖν
1015 1411 1059 1501 ἦν
1082 1407 1128 1476 <iu
1151 1411 1209 1477 oro
1233 1415 1296 1477 τῶν
1318 1417 1498 1496 τυμπάνων,
1519 1409 1693 1494 11090508
1714 1408 1777 1492 ἐγὼ
1800 1411 1861 1497 γὰρ

269 1538 355 1602 ooo’
377 1532 423 1602 ἂν
445 1535 581 1624 ὀρνίθων
604 1535 684 1619 γάλα
707 1536 772 1600 ἀντὶ
795 1537 850 1599 τοῦ
871 1533 944 1616 βίον
966 1532 1132 1617 λάβοιμ’
1156 1527 1212 1608 ἂν,
1237 1537 1298 1598 927
1322 1531 1366 1596 οὐ
1389 1531 1463 1617 γὰρ
1484 1529 1529 1594 άν
1552 1553 1627 1595 ποτε
1649 1529 1776 1616 τρέφειν
1799 1529 1859 1594 θά-

272 1657 374 1724 ναιτ’
398 1653 441 1722 ἂν
461 1655 517 1738 μία
539 1656 637 1745 λάγμη
661 1654 773 1720 κλέπτα
795 1653 871 1730 δύο,
899 1652 972 1720 Pao-
997 1655 1056 1718 321
1081 1651 1123 1714 οὐ
1146 1651 1219 1738 γὰρ
1242 1645 1287 1719 ἂν
1304 1649 1471 1740 χαιροντες
1492 1652 1583 1738 ἡμεῖς
1604 1650 1739 1739 τήμερον
1765 1673 1859 1714 παν-

270 1775 433 1863 σαίμεά’
457 1776 509 1842 άν.
553 1776 665 1857 itaque
687 1779 720 1842 et
741 1775 900 1841 Personus
922 1771 1074 1839 bumileo
1096 1789 1146 1854 ap.
1171 1770 1284 1838 Athen.
1307 1770 1338 1836 li
1358 1789 1389 1852 p.
1413 1775 1476 1835 246
1498 1789 1515 1837 e
1537 1773 1628 1855 (eom.
1653 1771 1703 1838 111
1726 1789 1756 1855 p.
1782 1771 1857 1860 ibi)

271 1899 308 1963 od
331 1899 392 1985 γὰρ
415 1897 453 1964 ἄν
476 1919 549 1962 ποτε
573 1894 674 1962 ἔπινον
697 1889 736 1958 ἂν
760 1894 827 1982 τρὶς
848 1891 964 1964 ὕδατος
983 1898 1057 1979 post
1078 1890 1181 1958 ἔπινον
1203 1897 1237 1962 ei
1263 1910 1321 1975 ego
1343 1889 1426 1958 Plue
1454 1895 1535 1958 1078
1560 1893 1761 1977 Aristophani
1790 1895 1862 1976 post

270 2018 442 2105 ἐπέτρεπον
464 2017 510 2082 du
531 2015 687 2101 particula
708 2015 817 2098 addila
838 2033 930 2081 suum
952 2013 1129 2081 reddidisse
1150 2012 1227 2080 mihi
1247 2012 1399 2080 videmur.

376 2138 482 2206 Elium
505 2157 533 2204 v.
558 2140 619 2202 516
642 2135 684 2224 ἢν
706 2135 784 2223 ἐξῇ
806 2135 875 2224 ζῆν
905 2135 1046 2222 ἀργοῖς
1066 2133 1155 2220 ὑμῖν
1178 2130 1325 2198 τούτων
1352 2134 1507 2198 πάντων
1528 2133 1741 2220 ἀμελοῦσιν
1765 2136 1861 2222 Berg-

273 2259 345 2326 kius
360 2259 474 2328 Veneti
496 2259 584 2325 varia
605 2257 738 2326 lectione
759 2256 878 2324 abusus
900 2273 969 2324 esse
984 2255 1118 2324 ridetur.
1148 2254 1182 2320 Is
1203 2253 1286 2322 enim
1309 2271 1381 2320 eum
1401 2257 1475 2340 post
1496 2252 1565 2339 ὑμῖν
1579 2255 1731 2322 insertum
1745 2256 1862 2344 hebeni

270 2375 742 2466 οὖσιν,11011101100099111108ἧν
764 2375 823 2464 ἐξῇ
846 2377 901 2465 ζῆν
917 2377 1028 2462 ιλργοῒς
1048 2374 1157 2441 οὖσιν
1179 2375 1298 2440 τούτων
1313 2375 1437 2440 πάντων
1460 2375 1491 2439 τ’
1515 2374 1712 2464 ἀμελῆσαι
1726 2378 1863 2466 seriben-

274 2497 349 2564 dum
372 2515 441 2566 esse
456 2497 599 2574 coniecit,
621 2497 760 2564 omnium
783 2496 925 2565 codicum
946 2497 1080 2564 lectione
1101 2497 1203 2566 tribus
1224 2495 1301 2564 locis
1327 2496 1501 2564 immuuu.
1547 2495 1624 2562 Mihi
1646 2493 1765 2564 τούτων
1788 2499 1863 2563 πάν-

268 2641 331 2682 των
358 2616 524 2702 ἀμελοῦσιν
553 2617 719 2684 verborum
749 2635 812 2684 non
842 2635 880 2684 ea
906 2617 953 2683 vis
988 2634 1058 2684 esse
1087 2616 1228 2697 videtur,
1258 2619 1295 2683 ul
1325 2615 1381 2706 ζῆν
1410 2616 1524 2700 uerbo,
1553 2617 1638 2699 quod
1660 2636 1732 2684 eum
1754 2618 1864 2704 ἀργοῖς

268 2737 422 2806 adieetiro
458 2734 641 2804 adeuralius
670 2735 838 2816 deliniunt,
868 2735 994 2818 possint
1023 2753 1086 2804 non
1115 2735 1232 2817 subici3
1267 2757 1301 2800 τε
1330 2755 1405 2804 uero
1432 2753 1495 2802 non
1528 2738 1627 2820 magis
1663 2737 1862 2806 adiciendum

269 2857 366 2925 inisse
382 2876 476 2942 quam
492 2854 579 2922 οὖσιν
595 2875 633 2923 ex
648 2857 802 2924 similibus
824 2855 901 2923 locis
917 2855 1111 2940 intellegitur
1124 2874 1153 2923 v.
1171 2860 1229 2922 921
1248 2855 1356 2920 ἐκεῖνο·
1368 2854 1404 2920 δ’
1427 2855 1463 2920 οὐ
1477 2855 1604 2940 βούλοι’
1623 2855 1677 2935 ἄν,
1693 2857 1862 2950 ἡσυχίαν

270 2972 371 3064 ἔχων
402 2977 470 3066 ζῇν
500 2975 625 3064 ἀργός
651 2981 685 3045 ei
706 2976 788 3044 Nub.
813 2981 876 3042 334
898 2975 1015 3040 οὐδὲν
1038 2975 1222 3064 δρῶντας
1241 2975 1400 3060 βόσκονσ’
1423 2976 1581 3064 ἀργούς.
1625 2980 1860 3048 ueneremur
1901 2991 1910 3008 '

272 3093 499 3178 Aristophanes
527 3115 585 3182 pro
613 3097 725 3183 ἀργοῖς
752 3093 838 3160 οὖσιν
860 3096 1036 3180 scripturus
1063 3096 1176 3162 luisset
1197 3095 1332 3183 ἀργοῦσι
1359 3103 1396 3164 ut
1416 3095 1507 3166 Plelo
1530 3097 1609 3182 Rep.
1633 3099 1711 3168 VIII
1741 3119 1771 3184 p.
1796 3103 1854 3165 561

271 3212 453 3298 Βάργῶν
481 3217 542 3280 καὶ
572 3217 725 3282 πάντων
748 3215 913 3301 ἀμελῶν.
958 3216 1049 3295 Quod
1078 3213 1202 3282 difficile
1223 3215 1267 3282 sil
1295 3217 1328 3281 in
1356 3216 1499 3286 codicum
1526 3217 1683 3302 scriptura
1707 3217 1784 3285 nihil
1814 3219 1859 3308 Vi'.

270 3332 330 3399 deo
351 3331 414 3399 nisi
434 3331 503 3418 ὑμῖν
524 3354 710 3421 pronomem
730 3335 814 3421 quod
836 3336 863 3404 si
883 3352 1028 3419 premere
1048 3335 1194 3416 volueris,
1214 3336 1439 3422 Paupertatem
1460 3343 1627 3421 negantem
1649 3338 1790 3420 babebis,
1812 3355 1861 3406 oe

273 3458 360 3522 leros
381 3453 524 3522 homines
554 3455 686 3542 opificiis
711 3456 895 3541 artibusque
917 3473 1044 3540 operam
1066 3456 1197 3522 daturos
1224 3473 1303 3535 esse,
1330 3457 1357 3524 si
1385 3456 1570 3542 Obremylus
1591 3465 1624 3528 et
1645 3459 1861 3542 Blepsidemus

269 3571 383 3641 divites
405 3571 481 3640 laeli
502 3573 628 3644 luerint.
673 3575 742 3644 Hoc
771 3595 886 3660 negare
916 3595 987 3644 cum
1014 3576 1167 3643 absonum
1195 3576 1247 3652 sit,
1282 3583 1340 3644 aut
1361 3576 1431 3662 ὑμῖν
1453 3577 1493 3646 de
1515 3578 1660 3648 omnibus
1683 3579 1860 3646 honrinibus

269 3690 512 3774 intellegendum
541 3701 598 3762 eui
626 3694 839 3763 coniciendum
862 3702 912 3764 est
937 3715 995 3780 pro
1026 3693 1096 3782 ὑμῖν
1127 3695 1371 3780 Aristophanem
1399 3697 1505 3770 αὐτοῖς
1525 3699 1688 3784 scripsisse
1715 3705 1752 3768 ut
1779 3698 1861 3766 inira

271 3815 331 3878 519
355 3829 401 3894 sq·
425 3812 471 3883 τίς
491 3812 527 3878 θ’
550 3810 636 3878 ἔσται
659 3820 783 3901 πρῶτον
805 3817 823 3878 ὁ
846 3817 970 3892 πωλῶν,
992 3816 1067 3882 ὅταν
1090 3815 1241 3903 ἀργύριον
1263 3817 1446 3891 κάκεῖνος
1467 3816 1542 3909 lm

376 3932 448 4002 Uno
471 3932 538 4002 loeo
560 3934 686 4004 videtur
707 3937 847 4006 Venetus
868 3937 955 4005 solus
977 3955 1083 4006 veram
1105 3937 1272 4006 lectionem
1299 3957 1453 4008 servasse.
1498 3940 1535 4010 V.
1560 3944 1620 4007 211
1653 3941 1737 4010 enim
1763 3939 1860 4010 celeri

270 4051 394 4122 codices
415 4053 580 4123 exhibent:
858 4141 861 4148 .

690 4181 762 4262 μῶν
784 4178 883 4252 άξιοῖς
905 4175 1075 4264 φενακίσας
1095 4179 1179 4267 ἡμᾶς
1200 4178 1413 4272 ἀπαλλαγῆναι
1418 4203 1431 4268 ,·

272 4288 410 4358 Venetus
430 4311 487 4378 pre
510 4295 593 4382 ppo<
613 4294 765 4378 seriptum
785 4297 882 4364 babet
902 4298 986 4386 ἡμᾶς
1007 4295 1138 4362 ἔπειτ’.
1182 4299 1261 4367 inde
1282 4301 1457 4370 Meiuekius
1479 4309 1512 4370 el
1533 4303 1736 4394 Kappeynius
1762 4304 1860 4390 serip-

273 4415 385 4476 serunt
408 4414 449 4496 μ’
486 4412 621 4492 ἔπειτ’,
650 4415 807 4499 Bergkius
839 4417 1165 4486 maudunense
1194 4439 1252 4504 pro
1279 4423 1364 4511 ἡμᾶς
1393 4421 1593 4492 scribendum
1624 4443 1694 4493 esse
1721 4423 1858 4492 ἔπειτ’.

269 4527 363 4595 ilaue
383 4531 536 4600 raiimem
558 4553 617 4620 ego
638 4555 701 4604 non
723 4537 901 4606 dubitarem
922 4537 1013 4622 sequi
1035 4537 1087 4624 (ei.
1110 4539 1150 4606 de
1172 4541 1344 4627 φενακίζειν
1366 4545 1462 4612 verbo
1484 4545 1631 4614 absolute
1650 4545 1734 4614 dieu
1748 4564 1777 4613 r.
1795 4551 1858 4614 280

269 4647 356 4718 ὅστις
377 4651 552 4736 φενακίζεις
573 4657 695 4744 φράσαι
716 4656 751 4722 θ’
773 4655 862 4724 οὔπω
884 4657 1033 4748 τέτληκας
1052 4659 1141 4747 ἡμῖν,
1168 4660 1245 4728 seh.
1270 4667 1311 4729 90
1333 4663 1423 4728 ταῦτ’
1445 4663 1502 4751 ἄρ’
1525 4663 1706 4752 ἐφενάκιζες
1731 4665 1770 4732 σὺ
1800 4661 1859 4736 δύο

269 4765 413 4859 δραχμὰς
435 4771 575 4858 φέρων),
604 4776 664 4844 nisi
685 4778 811 4848 omuino
839 4797 860 4845 a
888 4779 1018 4862 vulgata
1048 4779 1205 4863 scriptura
1233 4780 1456 4851 discedendum
1486 4803 1556 4852 esse
1583 4803 1732 4868 negarem
1762 4791 1858 4868 abque

268 4906 307 4954 ex
327 4889 532 4962 similitudine
552 4913 663 4964 versus
684 4899 758 4966 Pae.
784 4903 865 4967 1087
892 4898 957 4986 ἄρα
980 4897 1153 4987 φενακίζων
1176 4901 1248 4965 ποτ’
1266 4898 1446 4992 Ἀθηναίους
1466 4900 1511 4968 ἔτι
1539 4903 1669 4990 παύσεις
1699 4905 1858 4974 obiectum

268 5009 364 5078 verbo
396 5013 575 5084 addendum
596 5034 766 5088 eensemm
810 5021 938 5088 Totiens
960 5020 1044 5088 enim
1066 5029 1230 5112 expertus,
1257 5041 1353 5106 quum
1381 5025 1529 5108 meipios
1549 5030 1680 5094 eventus
1701 5027 1745 5093 sit
1765 5027 1858 5094 nnius
