4708 5912
1062 615 1103 678 25

287 823 436 902 atquem
458 814 502 883 illi
516 813 635 901 'parem
658 833 728 883 esse
749 814 832 882 idem
855 813 1025 884 scholiasta
1047 817 1130 886 infra
1152 819 1259 886 monet
1279 835 1308 884 v.
1334 819 1412 882 309:

587 933 698 1000 αάκσῢν
720 957 758 999 σε
780 935 836 1025 τὴν
857 933 972 1025 Ιίίρκην
993 959 1031 1021 γε
1053 941 1108 1028 ιὴν
1131 938 1169 1005 τὰ
1191 935 1335 1026 φάρμακ’
1359 936 1572 1002 ἀνακυκῶσαν.

287 1059 357 1126 Hoc
389 1057 554 1125 dissidium
583 1075 646 1124 non
675 1055 757 1138 fugit
783 1056 1073 1143 Hemsterhnsium,
1107 1059 1161 1140 qui
1191 1058 1269 1126 haec
1298 1057 1445 1124 adnotat:
1483 1057 1570 1124 ‚iure
1596 1057 1754 1124 Kuaterus
1789 1055 1909 1124 scho-·

287 1180 405 1246 lieston
427 1178 641 1263 reprehendit,
673 1180 727 1263 qai
749 1179 885 1264 primum
907 1197 1033 1247 versum
1055 1197 1125 1246 esse
1147 1179 1263 1246 dixerit
1288 1178 1501 1264 τετράμετρον
1523 1176 1748 1265 ἀκαταληκτυν,
1774 1176 1877 1259 qualis

291 1305 342 1368 est
364 1298 471 1366 Alcaei
493 1297 635 1383 prolatus
657 1300 753 1367 etiam
776 1301 816 1368 ab
838 1301 1072 1385 Hephaestione
1094 1301 1223 1383 eiusque
1238 1299 1431 1366 Enarratore
1453 1318 1482 1383 p.
1502 1303 1551 1364 16.
1575 1302 1616 1364 86
1640 1297 1715 1382 (vid.
1731 1295 1879 1364 Gaislord

286 1419 372 1503 Lips.
395 1437 425 1501 p.
443 1424 493 1486 32.
510 1419 684 1503 Westphal.
708 1420 815 1502 script.
834 1426 923 1487 metr.
946 1441 993 1504 gu.
1017 1421 1034 1486 1
1054 1437 1084 1502 p.
1104 1420 1167 1504 18),
1192 1438 1262 1487 cum
1285 1420 1353 1486 siue
1376 1419 1471 1486 dubio
1494 1420 1536 1485 sit
1557 1417 1770 1504 τετράμετρα
1783 1439 1874 1482 κατα·

287 1538 441 1629 ληκτικόις
463 1541 519 1623 qui
540 1541 573 1606 in
594 1547 660 1607 tam
682 1540 883 1607 manifestum
905 1557 1044 1608 amorem
1066 1539 1129 1606 labi
1150 1540 1298 1622 potnerit,
1321 1540 1430 1624 miror;
1453 1540 1514 1606 nisi
1537 1539 1685 1606 credibile
1699 1544 1792 1622 putes
1807 1553 1879 1604 eum

286 1659 451 1744 reperisse,
465 1656 546 1744 Ἐρῶ
569 1659 606 1724 ἀὲ
628 1663 683 1749 τὴν
706 1659 820 1747 ίίίρκην
841 1682 877 1743 γε
900 1661 954 1748 τὴν
977 1659 1014 1723 τὰ
1045 1655 1186 1746 φάρμακ’
1215 1658 1419 1724 ἀνακυκῶσαν
1447 1657 1515 1723 ἀνι
1560 1659 1702 1740 Adparet
1722 1656 1879 1724 hominem

288 1780 502 1847 doctissimum
521 1780 603 1846 hanc
625 1779 791 1847 lectionem
811 1797 918 1846 ueram
942 1797 1020 1858 esse,
1040 1779 1108 1846 iure
1129 1797 1191 1845 non
1214 1777 1382 1846 censuisse.
1420 1779 1502 1844 Nam
1524 1795 1586 1845 non
1608 1777 1710 1846 solum
1732 1775 1779 1859 ἄν,
1795 1777 1879 1860 quod

286 1899 425 1980 additur,
447 1901 532 1967 omni
553 1901 585 1967 vi
607 1907 695 1968 caret
717 1906 852 1983 atquae
874 1918 958 1966 nunc
978 1899 1128 1982 leguntur
1150 1900 1318 1965 sanitatem
1347 1898 1494 1981 produnt,
1517 1916 1626 1965 verum
1648 1899 1744 1965 etiam
1767 1915 1824 1982 per
1845 1914 1880 1963 se

286 2020 386 2088 multo
407 2019 601 2105 probabilius
624 2026 682 2102 est,
702 2020 761 2087 hoc
781 2021 851 2088 loco
872 2019 1089 2087 catalecticum
1112 2024 1331 2087 tetrametmm
1354 2037 1447 2104 quam
1471 2019 1706 2086 acatalecticum
1729 2019 1879 2101 scriptum

286 2140 401 2222 luisse,
429 2143 519 2208 cuius
546 2142 670 2224 generis
698 2141 819 2208 nullum
848 2146 934 2208 extat
962 2141 1138 2222 exemplum
1164 2140 1197 2206 in
1226 2139 1286 2208 hoc
1321 2139 1459 2207 carmine
1484 2139 1662 2206 amoebcao.
1707 2139 1820 2223 Itaque
1841 2157 1880 2206 ex

291 2261 474 2345 editoribus,
498 2263 552 2346 qni
574 2262 848 2329 Hemsterhusium
870 2263 971 2330 secuti
993 2255 1075 2342 snut
1098 2279 1190 2328 nemo
1211 2260 1400 2328 scholiastae
1429 2260 1579 2328 obediens
1608 2258 1774 2328 lectionem
1796 2259 1878 2327 codi-

291 2402 362 2451 cum
384 2384 588 2452 commutavit
608 2389 735 2467 praeter
757 2383 972 2452 Thierschium
995 2383 1148 2450 editorem
1170 2382 1338 2450 admodum
1361 2383 1563 2466 singularem,
1586 2383 1640 2466 qui
1663 2381 1774 2449 edidit:

599 2503 662 2587 ἐγὼ
684 2501 721 2567 ἀὲ
743 2505 797 2592 την
818 2503 934 2592 ίίίρκην
956 2523 992 2586 γε
1015 2505 1069 2592 τὴν
1092 2505 1236 2568 κυκῶσαν
1258 2503 1319 2568 ἀνὰ
1340 2503 1378 2568 τὰ
1400 2504 1554 2591 φάρμακα
1576 2506 1609 2570 ct

596 2621 707 2687 οὐκοῦν
729 2646 766 2688 σε
788 2623 843 2711 τὴν
865 2621 979 2711 Κίρκην
1001 2645 1049 2706 γε,
1072 2624 1128 2712 την
1150 2627 1293 2690 κυκῶσαν
1315 2623 1375 2688 ἀνὰ
1398 2624 1435 2688 τὰ
1456 2601 1621 2710 ράρρακα,

287 2744 319 2811 in
341 2745 545 2812 adnotatione
573 2745 681 2812 critica
706 2763 781 2812 vero
812 2745 853 2811 ad
875 2763 904 2810 v.
928 2749 991 2812 300
1012 2744 1091 2811 haec
1118 2742 1211 2810 dixit:
1244 2742 1367 2826 »Vulgo
1395 2748 1580 2810 tetrameter
1609 2741 1762 2823 catalect,
1785 2759 1880 2826 quem

288 2867 457 2954 scholiasta
479 2870 609 2934 anctore
630 2865 725 2933 reieci
746 2865 967 2932 acatalectum.
999 2865 1081 2931 Edd.
1104 2869 1138 2931 et
1152 2881 1225 2931 mss.
1249 2864 1287 2930 τὰ
1309 2864 1455 2952 φάρμακ’
1479 2863 1694 2940 ἀνακυκῶσαν,
1717 2861 1801 2930 unde
1823 2866 1880 2930 aut

289 2989 430 3050 κυκῶσαν
453 2985 513 3050 ἀνὰ
535 2985 574 3049 τὰ
596 2979 758 3070 φάρμακα,
782 2989 838 3051 aut
859 3001 917 3067 pro
940 2983 999 3047 ἀνὰ
1023 2985 1059 3048 τὰ
1086 2984 1221 3052 tortasse
1250 2981 1367 3068 drahel,
1396 2983 1482 3068 quod
1509 2985 1635 3066 saepius
1657 3003 1715 3069 per
1736 3001 1880 3066 compen·

290 3102 375 3170 dium
397 3105 554 3185 scribitur,
576 3104 627 3172 uel
649 3104 751 3188 ἀγανὰ
771 3103 883 3187 refingi
904 3102 996 3170 facile
1010 3104 1122 3187 potuit.
1159 3104 1242 3172 Nam
1263 3127 1326 3169 κυκ.
1350 3104 1410 3168 ἀνὰ
1432 3104 1470 3170 τὰ
1491 3099 1592 3192 φάρμ.
1608 3108 1670 3172 ost:
1692 3099 1880 3168 rutabulum

291 3243 423 3286 υιιειινι
450 3225 486 3288 ia
505 3223 708 3312 plumacia
752 3225 870 3292 Contra
892 3223 1027 3304 ἀνακυκ,
1058 3223 1181 3290 obiecto
1208 3223 1309 3290 altero
1336 3223 1460 3306 omhso,
1481 3223 1628 3290 universe
1653 3223 1705 3289 uix
1732 3221 1876 3289 dicitur«

291 3341 389 3410 Errat
409 3343 503 3410 homo
525 3344 740 3420 doctissimum
766 3361 840 3410 nam
861 3338 1026 3409 domando
1049 3344 1159 3411 eodem
1181 3343 1250 3412 iure
1272 3362 1343 3413 cum
1366 3359 1429 3411 uno
1450 3343 1572 3412 obiecto
1595 3341 1795 3426 coniungitur
1815 3357 1878 3424 quo

289 3455 528 3548 ἀνακεράννυρι,
551 3465 589 3534 cf.
612 3466 689 3535 doh.
714 3469 773 3531 671
800 3463 829 3528 οἳ
852 3463 889 3529 ἀὲ
910 3461 1026 3529 ἀασίαν
1048 3464 1223 3529 ἀνακυκῶσι
1245 3461 1474 3551 λιπαράμπυκα,
1496 3465 1576 3531 Rau.
1601 3467 1660 3530 511
1686 3457 1788 3550 κῷνον
1809 3461 1880 3526 ἀνι·
1939 3477 1949 3496 ·

289 3577 431 3669 κιράννυ.
475 3583 653 3653 Verborum
675 3589 782 3653 antem
804 3603 886 3670 quae
909 3583 1008 3652 edidit
1031 3603 1103 3652 eum
1130 3583 1323 3654 callidiorem
1345 3602 1440 3668 qnam
1461 3584 1615 3652 sanorem
1645 3565 1879 3666 interpretatio·

286 3719 359 3770 nem
381 3702 532 3772 adiecisse
554 3707 588 3772 ct
609 3723 648 3771 ex
675 3704 798 3772 duabus
824 3722 904 3789 quas
933 3703 1063 3788 insuper
1091 3701 1213 3771 addidit
1234 3703 1421 3772 coniecturis
1450 3709 1596 3772 neumam
1618 3719 1688 3806 eam
1710 3721 1779 3770 esse
1797 3719 1878 3786 quae

286 3820 389 3902 possit
409 3820 440 3888 in
463 3820 566 3891 locum
587 3821 730 3892 lectionis
751 3824 792 3891 ab
815 3824 899 3890 omui
920 3829 1011 3906 parte
1033 3823 1205 3908 probabilis
1229 3824 1434 3909 omnibusque
1457 3824 1617 3893 codicibus
1640 3827 1785 3892 seruatae
1807 3840 1878 3890 suc·

287 3940 408 4019 cedere,
430 3959 521 4011 namo
543 3961 606 4014 uon
628 3943 744 4012 sentiet
765 3961 897 4012 mecum.

388 4061 447 4128 Ad.
470 4080 500 4130 v.
523 4067 586 4130 415
608 4064 779 4132 scholiasta
800 4063 875 4132 inda
896 4082 916 4131 a
937 4065 1041 4133 verbis
1063 4061 1090 4130 ὦ
1113 4063 1234 4153 ἀερμάν
1257 4063 1350 4153 ἔργον
1373 4066 1415 4151 (v.
1439 4065 1515 4150 415)
1538 4064 1580 4131 ad
1600 4084 1631 4130 v.
1654 4067 1718 4131 486
1748 4061 1813 4154 ἔχοι
1835 4083 1880 4136 τις

290 4180 328 4245 αν
351 4179 469 4250 δίκαιον
492 4183 645 4249 ἀντειπεῖν
668 4181 712 4250 ἔτι
733 4185 893 4253 trimetros
914 4185 1063 4254 iambicos
1086 4187 1287 4272 septuaginta
1308 4189 1373 4252 tres
1395 4190 1542 4252 numerat
1556 4184 1714 4254 codicibus
1730 4201 1792 4252 non
1808 4183 1878 4268 plns

290 4302 488 4386 septuaginta
511 4303 591 4372 duos
613 4303 840 4374 exhibentibus.
869 4304 983 4373 Facilis
998 4311 1031 4375 et
1051 4309 1198 4390 prompta
1212 4306 1392 4373 coniectura
1406 4309 1456 4372 cst
1476 4303 1674 4373 intercidisse
1688 4304 1721 4371 iu
1736 4303 1878 4372 codicum

289 4417 458 4506 archetypo
485 4444 583 4493 unum
604 4443 739 4505 uersum,
769 4445 832 4511 qno
862 4425 985 4495 adiecto
1012 4443 1162 4494 numems
1190 4424 1395 4509 septuaginta
1415 4426 1511 4493 mum
1533 4441 1682 4494 namnum
1704 4424 1876 4507 expleatur.

288 4538 337 4608 hc
359 4541 463 4610 nescio
485 4563 526 4613 nn
546 4545 626 4616 haec
647 4563 743 4615 causa
763 4545 868 4630 inerit,
891 4565 948 4616 cur
968 4544 1124 4630 Berghius
1145 4545 1177 4612 in
1200 4545 1344 4613 editionis
1373 4545 1503 4614 alterium
1531 4543 1728 4615 correctioris
1756 4541 1878 4627 prusia·

285 4659 372 4729 tione
393 4661 571 4745 adnotaret,
594 4666 694 4734 videri
715 4671 788 4750 post
809 4683 838 4733 v.
862 4669 926 4732 450
949 4668 1058 4730 arcion
1080 4664 1152 4751 γὰρ
1175 4663 1217 4730 od
1239 4647 1420 4753 θώρακα,
1444 4664 1556 4731 ποίαν
1578 4660 1607 4729 ἀ
1630 4661 1775 4730 ἀσπίδα
1797 4663 1878 4732 axci-

284 4777 370 4848 disae
391 4779 527 4866 aliquid,
551 4783 686 4853 10114880
708 4783 824 4852 παίιιν
855 4783 897 4850 ἀὲ
924 4783 1068 4876 λόγχην
1096 4782 1116 4874 ἢ
1137 4779 1339 4876 μάχαιραν
1366 4784 1386 4874 η
1409 4783 1523 4873 ἀίρυ;
1553 4784 1610 4854 sed
1631 4783 1794 4852 fatendum
1816 4783 1878 4851 erit

283 4899 353 4985 lpan
373 4900 468 4970 huius
490 4902 552 4970 loci
573 4908 688 4973 natura
708 4910 746 4974 ut
766 4905 843 4973 talia
864 4904 1041 4973 adiciuntur
1060 4904 1188 4973 minime
1202 4901 1349 4991 flagitari.
1382 4904 1537 4974 Nimirum
1554 4905 1709 4990 Blepyrus
1724 4903 1765 4972 da
1778 4903 1876 4972 armis

283 5019 358 5090 solia
380 5023 498 5106 cogitat
518 5023 665 5108 iustoque
685 5025 827 5094 timidior
847 5025 982 5095 telorum
1004 5044 1044 5095 ne
1066 5025 1251 5095 recordatur
1273 5025 1409 5108 quidem.
1451 5025 1564 5110 Itaque
1586 5025 1614 5094 si
1635 5025 1706 5112 quis
1720 5024 1877 5094 moerent

1702 5131 1721 5188 d
